3150 4786
622 394 899 455 ..,43-

202 562 422 641 exposuimnS,
445 581 520 625 cum
542 581 582 624 ea
605 562 658 642 sit,
680 567 716 624 ut
738 560 890 626 meliores
913 560 1045 626 codices
1074 579 1113 624 ex
1134 561 1249 625 eodem
1271 565 1370 642 atque

202 662 372 727 Palatinus
392 662 480 726 fonte
507 659 667 742 fluxerint,
690 660 773 724 nihil
795 667 846 726 est
869 681 990 726 causae
1013 681 1071 726 our
1093 681 1248 744 negemus
1270 681 1371 724 unum

206 764 387 828 alterumve
403 783 644 844 nonnumquam
667 761 724 826 illo
747 764 904 848 majorem
926 783 1007 844 prae
1031 763 1173 828 ecferre
1196 762 1372 828 memoriae

202 864 484 947 probabilitatem.
528 863 598 928 Non
627 865 730 945 igitur
752 885 902 929 veremur
924 863 1066 929 aliorum
1088 863 1185 930 fidem
1207 863 1372 948 amplecti,

205 964 311 1030 sicubi
340 963 375 1028 id
403 965 453 1030 vel
477 971 593 1049 poseat
615 971 730 1046 aperta
753 965 896 1029 Palatini
919 964 1120 1048 depravatio,
1141 967 1193 1030 vel
1214 985 1372 1031 nonnum·

206 1085 304 1149 quam
330 1071 460 1130 tantum
483 1066 621 1130 aliorum
645 1067 831 1148 scripturae
853 1065 1060 1148 praestantia
1083 1067 1232 1132 suadeat.
1276 1064 1371 1129 Tales

205 1167 367 1249 quaedam
406 1168 606 1250 scripturae,
642 1187 724 1250 quas
754 1188 849 1232 veras
885 1187 957 1232 esse
984 1168 1099 1249 negari
1134 1167 1262 1251 nequit,
1297 1171 1373 1230 sunt

206 1293 233 1332 v.
258 1271 318 1333 118
341 1268 502 1353 θαρσαλέῃ
526 1267 669 1354 παλάμῃ,
701 1269 789 1352 quod
810 1290 869 1350 pro
892 1268 975 1350 volg.
998 1267 1178 1352 θαρσαλέως
1201 1265 1332 1350 παλάμῃ
1356 1287 1373 1330 e

203 1369 253 1435 Va
276 1376 309 1435 et
330 1369 397 1435 Von
430 1371 542 1435 multis
572 1370 736 1435 similibus
762 1370 845 1434 locis
869 1391 886 1434 e
908 1369 1023 1434 Nonne
1046 1371 1158 1434 allatis
1183 1369 1285 1434 scribi
1303 1369 1373 1452 jus·

206 1477 320 1537 serunt
344 1471 549 1537 Schraderus
579 1494 609 1554 p.
633 1479 674 1536 24
701 1479 734 1538 et
755 1471 963 1536 Wernickius
987 1471 1030 1536 ad
1052 1471 1226 1556 Tryphiod.
1248 1493 1278 1555 p.
1303 1475 1372 1534 163.

204 1573 302 1656 Fugit
317 1579 427 1638 autem
444 1594 499 1638 eos
515 1573 569 1638 hic
591 1575 685 1639 locus
710 1573 905 1653 simillimus,
928 1573 985 1655 qui
1008 1580 1058 1638 est
1079 1573 1113 1637 in
1128 1572 1258 1658 Dionys.
1275 1576 1369 1649 ditari

205 1669 286 1758 χειρὶ
317 1673 351 1738 δὲ
385 1673 545 1757 θαρσαλέῃ
583 1671 811 1738 πολυδαίδαλον
841 1673 956 1737 ἀσπίδα
996 1669 1109 1737 τείνων.
1143 1713 1180 1721 -
1213 1673 1374 1756 Deinceps

206 1799 234 1840 v.
258 1781 317 1841 129
340 1770 379 1838 ὅτ’
408 1772 526 1856 ἔκλυεν,
553 1778 641 1858 quod
663 1799 722 1859 pro
744 1777 827 1858 volg.
850 1770 916 1838 ἐπεὶ
939 1773 1031 1838 κλάεν
1052 1776 1239 1860 Koechlyus
1263 1795 1280 1839 e
1303 1795 1374 1839 cor·

207 1879 337 1962 ruptela
352 1879 377 1941 P
393 1876 440 1942 Ve
463 1877 489 1940 B
512 1879 553 1948 ὡς
577 1875 686 1941 ἔκλυεν
709 1877 852 1960 scripsit,
877 1877 934 1941 sed
952 1879 1023 1962 jam
1045 1881 1144 1941 antea
1161 1875 1374 1953 Schraderua

206 2001 281 2044 cum
305 1979 325 2044 S
355 2001 467 2044 verum
498 1977 621 2044 habere
652 1979 792 2058 videret,
822 1979 1016 2044 laudaverat
1046 1977 1240 2061 duobusque
1270 1977 1376 2042 Nonni

205 2082 288 2148 locis
312 2081 459 2168 (Dionys.
489 2085 584 2156 35,rao
610 2087 643 2146 et
666 2079 763 2166 48‚1o)
787 2078 984 2145 firmaverat.
1027 2079 1210 2164 Utramque
1235 2079 1376 2161 scriptu-

206 2205 279 2249 ram
302 2183 474 2248 confirmat
497 2184 596 2248 etiam
617 2183 654 2265 B,
677 2184 731 2248 cui
752 2205 779 2246 v.
807 2187 867 2246 lle
885 2205 904 2243 α
921 2183 1113 2247 adsentitur.
1132 2220 1164 2230 -
1184 2181 1253 2246 Nec
1268 2180 1375 2246 minus

207 2291 333 2350 eertum
360 2284 490 2350 videtur
517 2307 545 2349 v.
572 2290 612 2348 45
645 2284 841 2347 ναιετάασκον
870 2283 1079 2349 scribendum
1102 2305 1183 2365 esse,
1206 2281 1293 2366 quod
1315 2301 1375 2364 pro

205 2387 287 2470 volg.
318 2383 511 2448 verendarum
537 2388 605 2470 J'am
642 2384 825 2451 Lobeclrius
854 2385 897 2449 ad
937 2383 1156 2470 Phrynichum
1189 2407 1220 2467 p.
1254 2386 1313 2446 583
1344 2387 1377 2444 et

206 2487 402 2553 Schaeferus
430 2487 464 2550 in
493 2486 636 2551 editione
660 2485 831 2550 Schrader.
860 2506 889 2567 p.
914 2489 950 2547 11
978 2492 1225 2568 proposuerant.
1268 2481 1375 2548 Idem·

205 2611 268 2673 que
291 2595 425 2654 tuentur
447 2589 546 2652 etiam
568 2586 646 2668 Vor,
669 2585 690 2649 S
714 2593 746 2650 et
768 2607 851 2650 corr.
873 2585 909 2650 R.

294 2775 358 2840 Sed
380 2774 464 2839 haec
486 2773 657 2838 haetenus.
702 2771 923 2838 Transeamus
947 2773 990 2838 ad
1012 2772 1095 2837 alios
1118 2771 1209 2836 locos
1233 2769 1377 2834 nondum

206 2899 227 2941 a
249 2897 416 2960 quoquam
439 2880 613 2940 corrector.

291 3011 492 3076 Adolescens
508 3008 790 3092 pulchritudinem
805 3009 945 3076 Heronis
968 3007 1152 3074 admiratus
1176 3005 1256 3072 haec
1278 3006 1378 3070 verba

207 3113 289 3179 facit
311 3135 338 3176 v.
362 3117 400 3174 76
425 3132 473 3193 sq.

333 3247 420 3330 τοίην
451 3241 577 3309 δὀὔποτ’
611 3243 720 3308 ὄπωπα
750 3245 820 3330 νέην
842 3243 952 3326 κέδνην
974 3241 1162 3326 δ’ἁπαλήντε

336 3347 387 3410 καὶ
403 3347 486 3432 τάχα
501 3345 616 3433 Κύπρις
633 3343 700 3432 ἔχει
716 3343 861 3432 Χαρίτων
884 3346 955 3429 μίαν
976 3344 1171 3428 ὁπλοτεράων

208 3483 349 3548 Codices
379 3482 503 3547 habent
532 3479 583 3545 καὶ
607 3482 691 3568 τάχα
716 3489 850 3567 praeter
872 3481 937 3546 Vor
970 3485 1003 3546 et
1029 3480 1064 3557 Β,
1094 3500 1233 3562 quorum
1261 3478 1296 3542 in
1322 3477 1379 3541 illo

209 3590 260 3648 est
281 3583 310 3667 ἠ,
333 3583 367 3648 in
386 3583 448 3649 hoc
464 3584 493 3666 ἢ.
531 3585 615 3648 Hinc
630 3584 729 3649 facile
753 3585 892 3666 quisque
915 3581 980 3647 sibi
1001 3579 1218 3663 persuadebit
1234 3580 1380 3645 scriben-

210 3684 288 3749 dum
304 3682 410 3766 essedo
426 3683 516 3767 τάχα,
541 3706 625 3766 quae
640 3685 765 3748 locutio
789 3684 878 3767 apud
901 3683 1013 3766 epicos
1028 3680 1297 3764 frequentissima
1319 3683 1380 3744 est.

211 3785 369 3850 Similiter
384 3785 527 3852 correxit
542 3784 718 3851 Jacobsius
734 3783 753 3868 ἦ
769 3786 852 3869 τάχα
867 3785 901 3849 in
916 3782 1123 3848 Christodori
1144 3780 1296 3866 ecphrasi
1322 3785 1381 3845 103

209 3884 356 3973 (Anthol.
378 3886 446 3951 Pal.
468 3885 525 3974 11),
548 3887 605 3952 ubi
626 3887 709 3952 haec
733 3887 885 3952 dicuntur
907 3887 947 3950 de
962 3881 1240 3967 Hermaphrodita
1263 3877 1381 3965 ἤτάχα

210 3990 319 4071 κοῦρον
342 3984 497 4072 Κύπριδος
526 3987 687 4052 εὐκόλποιο
714 3987 765 4051 καί
783 3986 963 4072 Ἕρμάωνος
992 3981 1110 4071 ἐνίψεις.
1154 3983 1265 4049 Codex
1295 3982 1381 4046 enim

210 4088 380 4154 Palatinus
395 4090 534 4174 praebet
554 4087 573 4172 ἥ
590 4090 681 4174 τάχα,
704 4096 742 4154 ut
763 4090 817 4154 hic
832 4090 867 4153 B.
905 4089 995 4165 Quae
1012 4109 1086 4152 cum
1101 4086 1149 4149 ita
1172 4085 1246 4162 sint,
1262 4082 1382 4146 mirum

208 4192 243 4255 in
264 4191 396 4256 modum
421 4212 442 4256 a
463 4213 539 4259 vero
562 4192 738 4260 aberrasse
761 4191 946 4282 putaverim
968 4186 1178 4280 Koechlyum,
1208 4184 1265 4274 qui
1287 4205 1317 4269 p.
1343 4188 1380 4250 19
