3150 4786
666 370 873 432 „13-

183 537 258 602 cum
291 555 413 618 paucos
443 535 512 602 dies
546 539 633 602 inter
661 537 806 603 Batavos
834 555 997 615 morarer,
1028 534 1145 602 itinere
1174 532 1256 600 flexo
1279 555 1354 619 per·

183 659 346 704 veneram.
485 639 489 644 “

267 740 315 804 Ac
347 738 489 823 primum
522 742 687 823 agendum
720 747 771 806 est
799 741 840 806 de
867 739 986 808 codice
1008 738 1132 824 Regio,
1154 740 1246 824 cujus
1275 760 1356 805 non·

186 841 295 906 nullas
320 841 506 924 scripturas
528 842 757 924 discrepantes
785 842 949 908 Roeverus
977 861 1016 907 ex
1042 841 1184 908 editione
1205 840 1357 907 Rondelli

185 947 404 1026 excerpserat.
437 940 620 1010 Audiamus
636 945 706 1028 ejus
722 943 823 1009 verba
836 948 1023 1028 postremae
1038 943 1192 1009 editionis
1206 942 1356 1026 pagellae

186 1043 369 1127 adscripta,
406 1049 454 1108 ut
475 1044 547 1126 ipsc
570 1066 667 1130 quam
698 1046 852 1112 notitiam
884 1043 974 1110 illius
1009 1043 1133 1112 codicis
1166 1044 1357 1126 habeamus,

183 1145 319 1228 judices.
364 1145 567 1228 ,Audieram
592 1147 710 1231 inquit,
732 1153 863 1213 exstare
885 1146 919 1210 in
941 1145 1144 1215 bibliotheca
1166 1147 1271 1230 Regia
1285 1145 1357 1211 Mu-

187 1247 255 1310 saei
277 1245 425 1311 codicem
446 1269 506 1312 ms.
528 1248 663 1330 Curavi,
686 1255 723 1313 ut
745 1250 787 1315 ab
810 1247 1013 1330 amplissimo
1033 1247 1108 1334 {viro
1136 1247 1173 1312 D.
1197 1247 1356 1314 Gareavio

186 1369 259 1412 cum
294 1347 390 1413 editis
418 1347 511 1413 illum
541 1347 732 1415 conferendi
764 1351 859 1434 copia
888 1351 1130 1431 impetraretur.
1175 1349 1269 1428 Quod
1300 1347 1356 1414 ille

186 1468 252 1535 qua
275 1455 327 1514 est
348 1449 567 1532 benignitate,
597 1471 663 1516 non
685 1471 784 1534 aegre
812 1451 986 1517 concessit.
1030 1449 1171 1516 Collatio
1192 1449 1283 1518 facta
1305 1452 1357 1514 est

185 1571 205 1616 a
228 1551 299 1616 viro
321 1552 355 1616 in
377 1551 507 1635 graecis
530 1550 651 1618 litteris
666 1553 806 1618 multum
819 1556 962 1633 versato,
984 1553 1119 1637 quinon
1133 1552 1231 1618 modo
1245 1551 1356 1617 varias

184 1652 354 1734 lectiones,
370 1653 429 1719 sed
444 1659 478 1719 et
492 1652 650 1718 nonnulla
665 1653 894 1720 interlinearia
909 1652 1111 1736 glossemata
1125 1651 1357 1720 obscuriorum

184 1774 302 1820 vocum
324 1775 397 1820 meo
420 1759 541 1836 rogatu
564 1755 747 1838 exscripsit,
768 1775 882 1819 verum
903 1761 941 1820 ut
961 1755 1064 1820 codex
1084 1775 1150 1821 non
1172 1757 1223 1820 est
1244 1753 1356 1817 admo·

187 1855 266 1920 dum
289 1855 460 1941 antiquus,
489 1857 537 1920 ita
566 1854 765 1936 glossemata
795 1856 843 1920 nil
864 1856 989 1922 habent
1009 1856 1200 1922 reconditae
1222 1851 1357 1920 eruditi-

188 1958 259 2022 onis
273 1963 305 2022 et
315 1958 403 2042 quod
414 1957 557 2022 editione
568 1956 736 2022 videretur
748 1956 905 2039 dignum.“
926 1956 1037 2022 Codex
1044 1957 1107 2034 hic,
1115 1978 1211 2041 quem
1219 1955 1262 2022 ob
1273 1954 1357 2020 hanc

186 2057 442 2142 descriptionem
465 2064 498 2124 et
525 2059 567 2124 cb
601 2058 785 2141 scripturas
808 2079 829 2123 a
851 2059 996 2126 Roevero
1020 2063 1188 2140 enotatas,
1210 2055 1357 2141 reperire

185 2179 251 2224 non
273 2166 346 2226 erat
369 2160 513 2242 difficile,
536 2165 587 2226 est
601 2180 736 2225 numero
753 2163 837 2223 2600
853 2160 1001 2243 signatus
1018 2161 1214 2226 chartaceus
1229 2157 1357 2223 mediae

184 2259 309 2326 formae
332 2262 386 2328 fol.
410 2268 486 2344 322,
514 2282 578 2345 quo
601 2261 729 2325 Musaei
752 2281 884 2326 carmen
906 2263 982 2328 inde
1004 2283 1025 2326 a
1045 2261 1102 2328 fol.
1125 2267 1164 2327 92
1187 2258 1357 2344 usquead

184 2361 239 2428 fol.
261 2367 301 2428 99
325 2365 512 2430 continetur
534 2365 582 2428 sic
604 2361 815 2446 inscriptum:
849 2359 996 2446 μουσαίου
1019 2366 1206 2448 γραματικοῦ
1229 2357 1268 2425 τὰ
1290 2355 1353 2422 κατ’

183 2461 248 2547 ἥρω
275 2463 327 2526 καὶ
350 2465 511 2550 λέανδρον;
539 2468 571 2530 et
593 2469 683 2530 totus
706 2463 809 2530 codex
829 2464 1001 2532 Michaelis
1017 2463 1161 2529 Saliardi
1183 2463 1357 2549 cujusdam

185 2585 285 2629 manu
308 2567 439 2632 saeculo
461 2567 520 2632 XV
548 2587 613 2631 non
634 2565 738 2630 nitide
760 2563 907 2648 quidem,
937 2572 973 2630 at
994 2567 1076 2632 satis
1102 2566 1185 2632 bene
1213 2565 1357 2646 scriptus

186 2671 245 2730 est.
288 2665 436 2734 Litterae
462 2670 531 2752 jam
562 2671 739 2749 coeperunt
771 2687 981 2748 evanescere3
1012 2669 1079 2733 iet
1107 2669 1141 2732 in
1170 2666 1232 2732 hoc
1264 2673 1296 2730 et
1323 2667 1358 2729 in

187 2767 307 2834 ceteris
330 2770 503 2836 codicibus
524 2790 601 2836 raro
623 2767 674 2833 vel
695 2787 874 2849 numquam
897 2766 1127 2832 subscribitur.
1172 2767 1282 2833 (lodex
1304 2785 1358 2831 ex-

187 2875 301 2952 pertus
331 2877 382 2934 est
412 2877 646 2952 correctorem,
681 2871 737 2952 qui
759 2873 946 2934 atramento
977 2868 1089 2951 paullo
1120 2869 1265 2952 nigriore
1297 2888 1357 2932 nec

187 2975 298 3034 tamen
320 2973 425 3054 magis
449 2993 548 3055 quam
570 2971 677 3056 ipsius
703 2975 813 3036 textus
846 2969 1023 3053 conspicuo
1054 2991 1128 3035 cum
1150 2969 1357 3052 glossemata,

186 3091 326 3154 quorum
355 3072 553 3138 mentionem
578 3073 661 3137 facit
686 3071 877 3153 Rondellus,
904 3071 955 3137 vel
979 3073 1066 3136 inter
1092 3091 1206 3136 versus
1235 3071 1287 3136 vel
1314 3070 1357 3135 ad
1406 3115 1409 3122 ·

185 3173 365 3254 marginem
395 3173 592 3260 adscripsit,
617 3179 688 3238 tum
717 3177 835 3255 poetae
860 3172 962 3237 verba
989 3171 1140 3236 correxit.
1184 3171 1228 3237 Et
1253 3172 1357 3237 falsos

187 3273 325 3356 spiritus
348 3281 569 3359 occentusque
592 3275 734 3341 correxit
757 3279 790 3338 et
811 3294 881 3355 ecs,
904 3273 1012 3338 sicubi
1034 3273 1148 3337 omissi
1170 3280 1279 3355 erant,
1301 3274 1359 3338 ad-

187 3374 271 3440 didit
293 3379 327 3440 et
347 3377 456 3459 ipsum
479 3382 603 3441 textum
624 3377 676 3441 vel
703 3377 848 3442 radendo
878 3375 930 3441 vel
959 3373 1152 3456 corrigendo
1175 3375 1360 3440 emendavit

186 3482 228 3558 et,
253 3477 342 3560 quod
364 3479 498 3542 maximi
520 3483 571 3542 est
591 3477 761 3558 momenti,
785 3477 971 3561 scripturae
994 3475 1251 3560 discrepantias,
1273 3497 1357 3560 quas

186 3577 320 3643 aliunde
344 3599 423 3644 sane
445 3579 552 3662 petiit,
576 3578 706 3663 adjecit.
744 3579 888 3656 Quarum
911 3577 990 3660 quia
1004 3577 1183 3642 Rondellus
1198 3597 1263 3642 non
1277 3579 1360 3643 facit

186 3679 394 3762 mentionem,
417 3679 529 3745 nescio
544 3685 655 3743 utrum
677 3681 747 3763 ipse
770 3677 970 3758 glossemata
991 3677 1154 3756 habuerit,
1177 3700 1219 3744 an
1239 3677 1359 3746 carca-

187 3781 260 3846 vius
283 3781 339 3846 ille
362 3781 410 3862 „in
424 3779 545 3844 litteris
562 3779 879 3844 multumversatus“
900 3797 1038 3861 prorsus
1060 3779 1249 3862 neglexerit.
1279 3779 1358 3861 Has,

186 3903 227 3946 ne
249 3882 352 3947 ullam
373 3888 501 3966 partem
524 3881 626 3947 officii
648 3881 712 3945 mei
735 3880 893 3951 deseram,
914 3901 980 3944 una
996 3902 1069 3946 cum
1083 3881 1214 3964 glossis,
1237 3882 1358 3967 quippe

188 4005 326 4067 quarum
350 3985 486 4067 exiguus
508 3988 637 4049 tantum
665 3981 708 4048 sit
729 4001 902 4080 numerus,
933 3983 1099 4049 collationi
1126 3983 1296 4068 adiiciam,
1326 3991 1359 4048 et

186 4085 236 4150 ita
264 4085 397 4168 quidem
423 4091 460 4150 ut
486 4107 571 4170 quac
599 4085 650 4150 vel
683 4086 768 4150 inter
796 4102 910 4148 versus
939 4085 991 4150 vel
1017 4085 1052 4150 in
1074 4085 1220 4168 margine
1247 4087 1299 4154 vel
1325 4088 1359 4150 in

187 4187 261 4272 ipso
288 4191 442 4252 contextu
469 4192 621 4254 correcta
652 4186 734 4268 sint,
767 4183 890 4250 litteris
921 4187 1116 4269 minoribus,
1137 4193 1175 4252 ut
1196 4187 1358 4272 quaedam
