3150 4786
686 371 896 430 ...ll-

285 533 425 600 Eximiis
452 535 518 598 illis
549 536 706 600 subsidiis
737 535 885 618 quamvis
914 535 1048 616 plurimi
1076 537 1230 600 instructi
1252 541 1371 616 essent,

200 641 312 701 tamen
334 656 398 700 non
421 640 499 700 sunt
520 635 662 715 adducti,
685 643 723 702 ut
746 637 916 703 codicibus
939 637 1024 702 inter
1047 657 1082 701 se
1098 636 1299 721 comparatis
1321 635 1371 700 in-

198 738 414 820 vestigarent,
455 757 493 800 ex
524 757 588 818 quo
620 737 709 802 fonte
741 735 912 803 fluxissent
947 738 1132 820 quibusque
1165 737 1370 819 cognationis

198 839 338 904 vinculis
352 842 543 902 tenerentur
559 837 679 921 singuli
699 838 838 922 ideoque
861 845 986 904 certum
1009 838 1205 902 emendandi
1221 839 1372 920 jacerent

199 940 456 1004 fundamentum.
501 937 565 1003 Sed
587 940 745 1020 pristinus
769 946 802 1005 et
823 947 973 1008 vetustus
994 939 1238 1021 Stephanianae
1260 961 1371 1006 recen·

202 1040 302 1105 sionis
325 1060 405 1105 usus
436 1061 491 1105 eos
522 1039 699 1106 ameliore
732 1042 896 1124 scripturo
924 1041 1153 1122 investiganda
1180 1041 1370 1122 absterruit,

202 1147 299 1205 utne
328 1145 526 1222 quaererent
547 1140 688 1223 quidem,
719 1164 797 1207 num
823 1150 954 1226 praeter
981 1163 1038 1207 eas
1067 1142 1258 1224 scripturas,
1287 1163 1370 1225 quas

201 1235 385 1324 Stephanus
408 1263 448 1306 ex
469 1243 613 1307 editione
634 1242 817 1308 Lasoarina
837 1245 871 1308 in
897 1249 1023 1308 textum
1050 1245 1241 1327 recepisset,
1271 1244 1370 1308 etiam

201 1341 295 1423 aliae,
319 1365 401 1425 quas
424 1343 480 1407 ille
503 1344 615 1408 autin
635 1344 782 1425 margine
802 1344 972 1426 posuisset
999 1351 1058 1409 aut
1080 1346 1280 1426 neglexisset
1303 1365 1369 1410 om-

199 1443 289 1525 nino,
327 1445 478 1535 codicum
515 1444 713 1509 auctoritate
740 1444 952 1510 firmarentur
988 1465 1028 1510 ac
1055 1447 1370 1511 commendarentur.

200 1544 294 1622 Quod
318 1545 347 1609 si
369 1545 533 1628 fecissent,
557 1546 654 1611 facile
676 1546 916 1611 intellexissent
935 1547 1177 1612 restituendum
1193 1568 1265 1612 esse
1285 1569 1312 1611 v.
1330 1553 1366 1611 61

199 1645 291 1730 χροιὴ
315 1668 332 1710 e
354 1645 446 1726 Ven.;
470 1669 497 1713 v.
523 1653 581 1712 145
606 1645 698 1709 κεδνὰ
720 1645 844 1727 eVen.;
866 1669 894 1713 v.
918 1654 979 1712 206
1002 1648 1241 1733 περιπτώσσοιμι
1263 1649 1369 1714 eVat.

198 1746 276 1813 Ven.
290 1749 386 1830 Reg.;
408 1770 437 1811 v.
464 1754 523 1812 275
548 1747 660 1811 ἀειδὼν
675 1769 692 1812 e
707 1746 790 1828 vat,
805 1747 893 1830 Ven,
908 1750 996 1831 Reg,
1011 1749 1052 1828 B;
1074 1771 1103 1812 v.
1127 1753 1187 1813 292
1212 1747 1369 1833 ἀγρύπνων

199 1847 313 1914 eVat.
336 1848 415 1913 Ven.
437 1849 490 1925 B.;
519 1872 548 1914 v.
572 1854 630 1913 301
656 1846 769 1931 λύχνου
794 1869 811 1912 e
832 1847 907 1913 Vat.
929 1849 1022 1930 Ven.;
1051 1871 1080 1914 v.
1105 1855 1166 1914 320
1190 1851 1368 1915 lirinense

199 1947 272 2013 Vat.
290 1948 366 2014 Ven.
404 1950 442 2015 ld
457 1957 567 2016 tamen
582 1971 646 2014 non
661 1949 818 2030 lecerunt,
840 1949 939 2015 immo
956 1971 993 2015 eo
1009 1951 1177 2035 progressi
1193 1961 1269 2015 sunt
1290 1951 1369 2017 levi-

196 2050 285 2126 tatis,
308 2055 344 2115 ut
366 2051 450 2116 duos
470 2043 586 2116 versus
607 2051 642 2114 in
660 2050 730 2116 Vat.
752 2050 830 2116 Ven.
851 2057 927 2134 post
947 2074 976 2116 v.
993 2056 1053 2115 330
1075 2053 1227 2132 insertos,
1250 2054 1368 2131 quibus

198 2173 237 2216 ex
258 2158 354 2234 parte
375 2154 529 2218 lacunam
558 2153 681 2236 expleri
709 2174 765 2219 eos
792 2174 856 2217 non
882 2152 1084 2217 intellexisse
1109 2154 1288 2235 permirum
1309 2161 1369 2234 est,

197 2274 262 2318 non
284 2253 380 2319 modo
402 2273 467 2317 non
488 2255 702 2336 respicerent,
726 2255 785 2320 sed
807 2254 968 2319 haberent
991 2256 1130 2338 spurios.

283 2355 377 2432 Quod
406 2355 469 2420 hoc
499 2355 600 2421 etiam
632 2357 817 2422 mirabilius
848 2355 947 2420 debet
981 2354 1102 2435 videri,
1132 2355 1212 2437 quia
1241 2355 1317 2420 iude
1348 2377 1368 2418 a

199 2455 382 2522 Schradero
397 2477 514 2522 novum
529 2458 762 2542 adjumentum,
785 2477 849 2540 quo
865 2477 942 2520 vera
958 2456 1153 2520 emendandi
1167 2457 1222 2520 via
1237 2456 1368 2520 demon-

199 2563 372 2639 straretur,
386 2560 537 2624 accessit
565 2560 625 2624 llle
640 2560 735 2633 enim,
752 2580 827 2623 cum
843 2557 1047 2639 intellegeret
1063 2553 1236 2622 Musaeum
1251 2558 1369 2621 summi

196 2659 306 2723 studio
329 2664 428 2742 atque
448 2661 614 2725 industria
635 2657 786 2722 Nonnum
807 2659 973 2724 imitatum
996 2679 1078 2740 esse,
1106 2679 1241 2741 operam
1264 2657 1367 2738 dedit,

198 2764 236 2824 ut
258 2761 389 2844 exejus
413 2761 616 2825 carminibus
640 2759 764 2824 similes
787 2780 950 2842 paresque
971 2758 1073 2839 locos,
1097 2759 1217 2841 quibus
1241 2758 1368 2823 Musaei

197 2860 299 2926 verba
320 2860 515 2942 illustraret,
538 2861 711 2925 conferret.
755 2859 866 2924 Pauca
894 2859 1027 2943 quidem
1055 2860 1103 2924 ita
1127 2859 1200 2944 ipse
1222 2860 1369 2940 mutavit,

198 2961 257 3024 sed
272 2962 384 3042 multa,
408 2961 437 3024 si
452 2966 667 3038 mutarentur,
681 2961 819 3026 meliora
835 2959 906 3025 iore
921 2961 955 3024 in
970 2961 1239 3026 adnotationibus
1254 2962 1368 3026 timide

198 3063 474 3127 commemoravit.
497 3061 566 3127 Nec
579 3084 655 3128 vero
672 3065 845 3145 quisquam
861 3083 983 3142 eorum,
999 3063 1055 3144 qui
1070 3067 1187 3144 postea
1196 3063 1367 3127 Musaeum

198 3162 388 3244 ediderunt,
420 3163 455 3227 in
488 3163 550 3228 hac
583 3163 636 3228 via
666 3183 862 3245 progressus
898 3168 949 3226 est
974 3163 1118 3244 longius;
1150 3163 1247 3228 immo
1274 3169 1391 3228 tanta,

198 3265 344 3329 omnium
372 3269 444 3328 erat
472 3264 688 3346 negligentia,
720 3269 757 3328 ut
785 3285 826 3327 ne
856 3263 1019 3329 rationem
1046 3263 1180 3346 quidem
1208 3265 1368 3332 haberent

198 3365 341 3431 orationi
355 3363 592 3452 Nonnianae*),
616 3387 655 3431 ex
670 3387 737 3449 qua
758 3387 825 3430 una
846 3363 961 3446 profici
983 3366 1160 3449 plurimum
1182 3372 1312 3451 poterat
1334 3373 1367 3432 et

198 3468 241 3532 ad
268 3474 385 3550 poetae
413 3464 514 3532 verba
540 3467 745 3533 emendenda
774 3471 807 3531 et
828 3466 872 3531 ad
894 3466 1044 3532 codicum
1065 3467 1227 3534 rationem
1249 3488 1367 3550 cogno-

198 3565 366 3633 scandam.

265 3771 291 3836 *)
310 3771 400 3836 Opera
423 3787 456 3822 ea
479 3775 514 3823 ab
537 3772 691 3823 editoribus
710 3775 838 3838 neglecta
856 3788 890 3823 ex
908 3778 989 3837 parte
1007 3773 1133 3823 defuncti
1150 3776 1215 3822 sunt
1233 3771 1287 3823 duo
1304 3773 1368 3836 viri,

196 3858 297 3906 horum
314 3861 461 3920 poetarum
485 3857 694 3906 consuetudinis
717 3858 889 3921 peritissimi,
907 3859 937 3908 F.
956 3858 990 3908 A.
1009 3858 1186 3908 Wernickius
1208 3861 1237 3906 et
1256 3858 1319 3909 Ohr.
1336 3859 1367 3910 F.

198 3941 338 3992 Graefius:
372 3937 418 3991 hio
447 3942 478 3990 in
501 3942 742 3991 observationibus
772 3943 879 3992 criticis
914 3943 944 3992 in
974 3941 1135 3992 Golluthum
1168 3945 1196 3990 et
1222 3942 1368 3994 Musaeum

197 4026 339 4090 Petropoli
357 4040 383 4076 a.
403 4029 467 4074 1818
486 4024 578 4087 editis,
597 4039 668 4088 quae
686 4027 820 4090 leguntur
837 4026 923 4075 etiam
941 4026 971 4076 in
985 4026 1107 4076 Ooliuthi
1126 4025 1247 4076 editione
1258 4028 1366 4078 Irenne·

149 4115 151 4118 '
197 4111 281 4174 piane
299 4125 315 4158 a
334 4109 368 4160 G.
385 4110 421 4160 Η.
440 4110 589 4160 Schaeiero
608 4110 698 4160 denuo
723 4114 821 4160 curata
838 4110 951 4174 Lipsiae
968 4125 994 4160 a.
1016 4113 1095 4173 1826;
1116 4109 1164 4159 ille
1181 4111 1212 4160 in
1229 4125 1366 4162 commen·

198 4195 270 4243 tario
289 4194 420 4243 editionis
439 4195 625 4259 Tryphiodori
642 4195 754 4259 Lipsiae
772 4209 799 4246 a.
822 4198 886 4247 1819
905 4195 1005 4249 editae.
1040 4195 1079 4244 Et
1100 4194 1142 4255 ita
1164 4193 1275 4264 quidem
1292 4195 1366 4247 hanc
