3150 4786
690 291 904 352 ..24-

216 457 378 540 imperito,
391 455 447 540 qui
462 476 503 520 ne
517 455 654 522 verbum
668 455 801 539 quidem
816 477 972 539 graecum
984 457 1113 523 videtur
1123 473 1229 538 nosse,
1245 457 1385 540 scriptus

213 563 272 623 est.
309 556 539 642 Quaecumque
562 556 648 622 enim
664 562 740 622 sunt
758 558 950 624 mendorum
965 579 1094 640 genera,
1117 579 1156 623 ea
1170 558 1386 638 inveniuntur,

212 665 250 725 ut
273 657 584 742 discrepantiarum,
607 658 728 741 quibus
749 660 858 725 nullus
880 659 948 725 fere
970 679 1084 724 versus
1105 663 1211 740 vacat,
1232 663 1328 724 tanta
1343 661 1387 725 sit

214 761 401 844 multitudo,
424 767 471 842 ut,
495 759 523 824 si
545 780 674 825 omnem
695 780 818 843 carum,
840 760 982 826 sutilium
997 762 1199 844 plerumque,
1221 759 1387 826 effundere

215 863 313 928 velim
346 863 562 945 farraginem,
593 881 724 944 uerear,
757 883 798 928 ne
838 867 943 928 totum
984 881 1116 928 carmen
1155 861 1386 928 transcribam.

216 965 330 1049 Neque
353 965 460 1030 solum
481 964 559 1030 falsi
582 969 614 1028 et
628 970 783 1030 accentus
799 969 832 1030 et
848 963 995 1046 spiritus,
1017 965 1046 1028 si
1068 963 1123 1048 qui
1147 968 1224 1028 sunt
1245 964 1386 1044 omnino,

217 1065 340 1148 ubique
364 1068 553 1144 occurrunt,
577 1065 635 1129 sed
657 1063 759 1130 etiam
781 1066 816 1131 in
838 1086 968 1148 quoquc
990 1065 1059 1130 sere
1080 1085 1178 1130 versu
1194 1070 1271 1129 sunt
1285 1065 1388 1131 verba

213 1167 264 1236 vel
285 1167 320 1232 in
341 1173 453 1252 partes
477 1166 640 1249 dirempta
662 1165 713 1230 vel
736 1186 775 1230 ex
805 1166 945 1232 aliorum
975 1167 1127 1250 partibus
1154 1165 1311 1245 conflata,
1339 1167 1387 1232 ita

214 1275 251 1336 ut
264 1268 448 1335 Vossianus
464 1290 481 1333 e
498 1266 611 1332 codice
626 1265 759 1334 fluxisse
781 1268 932 1334 videatur
948 1267 1111 1334 continuis
1123 1267 1234 1333 verbis
1251 1269 1384 1352 scripto.

214 1371 325 1438 Pauca
348 1371 413 1436 sint
435 1371 629 1436 documento
653 1370 811 1452 exempla,
835 1389 919 1454 quae
942 1391 1016 1434 cum
1038 1370 1147 1434 omnia
1169 1375 1303 1436 enotare
1325 1391 1385 1434 nec

214 1473 330 1539 vellem
353 1493 413 1538 nec
434 1493 494 1556 pro
516 1472 674 1555 temporis
700 1471 863 1553 angustiis
886 1491 1026 1553 possem,
1048 1469 1134 1535 hunc
1157 1471 1191 1534 in
1212 1471 1309 1536 finem
1331 1493 1384 1536 ex·

218 1595 340 1660 cerps1:

214 1731 242 1774 v.
287 1713 337 1774 23.
361 1704 514 1790 ἀλλήλοισ
536 1703 570 1768 ot
593 1699 712 1768 δείποτε
736 1701 876 1787 κεῖθιπερ
906 1703 989 1787 ἠσεις

214 1831 242 1876 v.
288 1813 338 1875 32.
361 1803 430 1890 περὶ
452 1805 579 1891 petrorio
602 1803 649 1870 αἱε
666 1807 809 1890 hainaco

215 1933 243 1976 v.
286 1912 336 1976 48.
359 1903 584 1993 ἐνίπτερυγεοσι
602 1913 743 1994 χορευῶν

214 2033 242 2076 v.
288 2014 337 2076 68.
360 2011 502 2094 κυπριδος
525 2009 688 2094 ἀρὴτειραν
703 2003 1031 2094 ἐηδιεφαίνετοκυπρις

215 2131 242 2177 v.
268 2115 338 2176 126.
361 2112 503 2195 accpiter
527 2109 611 2174 ούσοι
633 2105 794 2194 heraclea<
811 2105 925 2194 ἱερεῖον
941 2107 1088 2194 &peccata

216 2233 244 2278 v.
269 2217 340 2278 172.
363 2213 555 2296 γλυκερηναν
578 2211 610 2274 ἐν
632 2207 736 2275 electo
760 2208 863 2296 φωνὴν

300 2345 440 2414 Venales
463 2353 538 2414 ante
559 2351 690 2416 vocales
706 2369 771 2414 nou
791 2346 959 2414 eliduntur
973 2349 1063 2413 velut
1076 2372 1104 2414 v.
1123 2352 1161 2414 12
1177 2345 1211 2412 τὲ
1228 2345 1388 2434 collater,

218 2469 245 2513 v.
272 2449 310 2510 14
333 2445 417 2512 ἀλλὰ
444 2445 514 2533 ἀγε;
545 2472 573 2513 v.
598 2455 636 2514 17
661 2447 694 2512 δὲ
726 2443 884 2520 ἀνατόξατι
912 2453 1033 2535 cervam
1062 2475 1090 2518 v.
1114 2455 1189 2528 293,
1214 2449 1297 2516 ἀλλὰ
1319 2451 1387 2532 ὅτε;

217 2571 243 2613 v.
269 2553 331 2614 210
354 2546 413 2612 ἀπὸ
434 2549 583 2633 ἠλιβάτου
614 2547 665 2612 ἔσο
693 2546 807 2632 πύργου
831 2556 864 2616 et
892 2549 959 2617 alia
981 2550 1132 2632 plurima.
1160 2552 1389 2618 —Nonnulla

217 2650 336 2716 menda
359 2649 474 2715 eadem
495 2673 611 2717 manus
634 2652 785 2717 correxit.

301 2767 520 2834 Nihilominus
558 2775 686 2836 tantum
725 2770 833 2851 abest,
868 2775 905 2834 ut
939 2769 1087 2834 codicem
1122 2763 1305 2853 inspexisse
1338 2793 1388 2835 me

218 2871 338 2954 pigeat,
359 2874 397 2934 ut
417 2870 451 2932 in
474 2889 548 2933 cum
569 2869 725 2936 incidisse
748 2871 827 2935 mihi
848 2871 1008 2953 gratuler.'
1054 2869 1134 2934 Tam
1161 2871 1287 2934 eximiis
1304 2871 1390 2936 enim

218 2971 272 3036 ille
296 2969 429 3036 dotibus
453 2989 493 3034 ea
514 2971 595 3034 vitia
617 2978 817 3058 compensat,
841 2975 933 3037 utin
955 2971 1153 3054 optimorum
1175 2993 1309 3037 numero
1331 2972 1390 3036 ha-

218 3071 345 3138 bendus
369 3071 424 3136 sit:
447 3069 552 3149 Quam
574 3071 615 3138 ob
640 3094 784 3158 causam,
807 3093 1030 3158 quaecumque
1053 3076 1251 3138 momentum
1266 3072 1390 3138 habere

217 3172 380 3254 videntur,
404 3173 676 3240 commemorabo

264 3363 288 3418 1.
305 3359 352 3418 ἐπὶ
369 3359 497 3438 μάρτυρα
855 3365 899 3422 13.
918 3361 1055 3422 Omissus
1071 3366 1127 3435 est,
1145 3363 1197 3420 sed
1211 3361 1242 3420 in
1254 3361 1390 3439 margine

263 3465 291 3524 4.
308 3459 379 3519 ὅπου
518 3477 533 3538 .'
915 3463 1070 3542 reperitur
1083 3463 1129 3522 ita
1145 3465 1281 3542 scriptus

263 3565 290 3622 6.
305 3555 459 3640 ἀφροδίτην
913 3564 976 3644 πρὶν
992 3565 1121 3644 χαλεπὸν
1145 3563 1274 3642 caethaea
1296 3564 1389 3642 ἀήμεν

264 3673 291 3726 7.
305 3663 394 3744 ppei<
409 3663 595 3742 νυκτιγάμοιο
616 3664 778 3745 reponeri-
958 3665 1065 3746 ἐχθρὸν
1082 3666 1183 3744 ἀήτην.

303 3768 353 3824 λον
369 3763 472 3843 ἄστρον
488 3766 601 3845 ἐρώτων
856 3773 902 3830 14.
919 3767 985 3845 μίαν
1001 3789 1097 3826 curcei
1114 3769 1143 3826 δὲ

244 3871 292 3932 10.
308 3865 454 3928 Alterum
480 3867 708 3928 hemistichium
733 3875 778 3929 est
855 3871 900 3930 15.
915 3871 1050 3947 Margini
1070 3869 1171 3930 rubris
1196 3867 1314 3929 litteris
1335 3869 1389 3932 ad·

304 3965 504 4048 νομφόστολον
519 3969 703 4047 ἀγγελιώτην.
914 3972 1062 4050 scriptum
1077 3977 1124 4031 est
1139 3970 1277 4050 διήγησις.

245 4073 289 4132 12.
306 4069 665 4151 ἀκοιμήτω1]ἀκριμήτων
855 4077 899 4132 17.
916 4067 1069 4137 &auctiori
1083 4077 1188 4132 ταινῶν
