3150 4786
683 394 894 455 ..39-

289 558 449 639 praebent
472 557 625 642 ἐκίμισεν;
663 558 780 624 deinde
802 579 861 641 pro
890 555 1049 645 ἰαρδανίην
1072 562 1141 625 ποτὶ
1163 561 1282 646 νύμφην
1304 584 1374 627 res·

290 660 475 724 tituendum
498 667 549 724 est
571 654 714 744 ίαρδανίῃ
738 658 811 724 πυτὲ
835 657 937 744 νύμφῃ
958 682 975 724 e
997 662 1022 725 P
1044 661 1090 727 Vc
1116 684 1199 728 corr.
1228 663 1256 726 R
1281 687 1312 742 α;
1339 664 1372 728 in
1416 717 1418 724 .

291 760 369 843 Vor,
400 761 457 844 qui
477 761 644 844 volgatam
667 761 865 844 scripturam
887 763 1033 846 praebet,
1060 764 1200 846 margini
1225 764 1373 848 adscrip-

291 867 362 926 tum
397 870 446 927 est
480 859 632 946 ἰαρδανίη.
685 861 808 927 Similis
847 861 920 926 ποτὲ
951 864 1136 946 particulae
1167 886 1247 929 usus
1284 867 1373 948 apud

294 962 445 1030 Nonnum
468 971 533 1036 est3
557 964 596 1028 cf.
611 963 744 1050 Dionys.
770 969 795 1030 1.
809 987 855 1030 σιν
882 961 1037 1050 Τυφαονίῃ
1054 964 1128 1028 πυτὲ
1150 963 1272 1050 χάρμῃ;
1290 971 1369 1032 aar

288 1061 446 1150 Ἠλέκτφῃ
470 1064 543 1130 πυτὲ
567 1065 684 1150 νύμφῃ;
710 1069 758 1132 18.
768 1088 813 1132 ιιι
836 1062 996 1150 Ἀσσίιριίς
1019 1083 1093 1130 ποτε
1115 1064 1230 1150 Βῆλος.

202 1189 231 1232 v.
251 1171 305 1231 151
341 1187 400 1250 pro
435 1167 517 1250 volg.
548 1165 665 1252 ἔπεμπε
698 1169 923 1254 recipiendum
964 1172 1015 1232 est
1045 1164 1160 1252 ἔπεμψε
1191 1189 1208 1232 e
1237 1170 1262 1233 P
1291 1171 1312 1234 S
1339 1179 1371 1238 et

289 1288 373 1332 corr.
396 1268 432 1331 R.

287 1369 330 1432 Et
344 1369 391 1433 ita
408 1369 490 1435 duos
506 1370 566 1434 hos
581 1392 695 1437 versus
707 1371 848 1436 tradidit
861 1370 912 1436 λυ.
922 1370 1062 1451 Tzetzes,
1072 1371 1129 1453 qui
1143 1372 1177 1436 in
1193 1371 1371 1438 Chiliad.lI

287 1470 365 1536 hist.
383 1475 421 1534 36
444 1493 471 1534 v.
487 1476 633 1537 438-42
649 1493 779 1538 versum
805 1477 949 1538 148-52
973 1470 1167 1536 adverbum
1183 1472 1369 1556 exscripsit.

287 1571 333 1636 of.
350 1572 484 1638 Koechl.
506 1574 526 1640 l.
542 1574 563 1639 l.
585 1599 617 1659 p.
637 1581 683 1639 ll.

200 1697 228 1738 ν.
249 1679 307 1739 193
331 1674 494 1738 Roeverus
523 1683 555 1740 et
585 1675 789 1740 Schraderus
813 1673 986 1739 ediderant
1007 1671 1212 1758 ἠνεμόφυνυς,
1235 1676 1293 1740 sed
1316 1676 1370 1740 de-

285 1783 459 1840 seruerunt
486 1774 569 1840 illud
599 1775 810 1856 recentiores,
841 1776 895 1856 qui
923 1774 1004 1856 volg.
1031 1775 1212 1858 ἠνεμόεντας
1235 1797 1368 1842 revoca-

283 1882 407 1943 verunt.
446 1876 533 1941 Illud
563 1877 658 1942 unice
686 1896 799 1941 verum
827 1896 899 1940 esse
928 1876 1039 1941 docuit
1060 1877 1245 1963 Koechlyus
1267 1901 1297 1960 p.
1324 1885 1370 1944 10.

283 1977 326 2042 Et
349 1976 544 2043 confirmant
564 1979 760 2063 ἠνεμόφωνυς
782 1976 872 2042 Pva
893 1977 922 2040 R
944 1999 963 2038 α
986 1976 1017 2041 S.

200 2103 225 2144 ν.
247 2085 303 2144 198
328 2079 522 2162 Stephanus
544 2079 734 2160 Passovius,
755 2078 914 2158 MoebiuS‚
937 2077 1094 2144 Lehrsius
1117 2079 1291 2146 ediderunt
1314 2085 1367 2144 δα-

285 2180 409 2264 μάσσας,
440 2181 528 2264 quod
554 2203 620 2245 una
650 2181 750 2244 litera
779 2203 795 2240 σ
826 2179 1000 2244 exhibetur
1026 2181 1060 2243 in
1088 2203 1107 2241 α
1131 2179 1160 2244 S.
1202 2182 1266 2247 Sed
1294 2205 1368 2249 cum

283 2282 346 2347 Vor
375 2283 401 2346 Β
427 2281 443 2365 β
466 2282 491 2346 Ρ
513 2281 720 2346 retinendum
743 2287 794 2345 est
818 2280 956 2363 δαμάζει,
979 2281 1181 2365 quodetiam
1198 2283 1232 2363 P,
1254 2283 1287 2346 in
1304 2305 1368 2366 quo

282 2384 430 2466 singulae
451 2385 580 2448 litterae
605 2383 815 2468 syllabaeque
837 2381 953 2447 finales
976 2388 1187 2463 evanuerunt,
1210 2383 1368 2450 habuisse

280 2485 407 2568 primae
429 2485 560 2549 litterae
584 2484 734 2567 superior
756 2503 860 2547 uncus
883 2483 967 2548 forte
992 2484 1128 2548 relictus
1153 2484 1366 2550 demonstrat.

282 2585 329 2651 Of.
352 2585 485 2650 Koechl.
508 2585 528 2647 l.
543 2584 564 2647 l.
587 2606 618 2666 p.
636 2589 684 2648 16.
707 2582 864 2666 Idemque
887 2585 992 2650 latere
1023 2583 1153 2649 videtur
1180 2585 1214 2648 in
1243 2585 1292 2650 Va
1315 2588 1368 2649 δα-

282 2686 371 2770 μάσαι
393 2693 426 2751 et
447 2685 493 2750 Ve
517 2685 662 2767 δάμασσε.

196 2812 223 2854 v.
239 2794 302 2854 222
326 2810 392 2872 seq.
416 2785 467 2850 καί
495 2781 604 2870 νυχίην
632 2785 784 2872 φιλότητα
811 2783 862 2849 καί
890 2783 1037 2870 ἀγγελίην
1067 2783 1218 2870 ὑμεναίων

420 2887 533 2972 λύχνου
565 2885 763 2974 μαρτυρίῃσιν
785 2888 987 2952 ἐπιστώσαντο
1011 2887 1163 2974 φυλάξειν.

281 2990 425 3076 φυλάξειν
460 2990 615 3054 Lascaris
634 2990 764 3054 videtur
788 3010 860 3055 esse
876 2995 1075 3072 conjectura,
1098 3012 1198 3074 quam
1213 3013 1230 3056 e
1247 2991 1268 3054 S
1291 3013 1366 3057 cum

284 3091 449 3177 Stephano
464 3092 664 3156 recentiores
681 3111 791 3154 omnes
807 3099 1010 3174 receperunt.
1049 3093 1121 3174 Alii,
1139 3094 1194 3176 qui
1214 3092 1367 3157 Aldinam

283 3195 389 3260 secuti
405 3199 490 3272 sunt,
506 3191 660 3256 exhibent
682 3190 843 3274 φυλάσσαι,
865 3193 952 3275 quod
975 3194 1074 3258 estin
1089 3191 1198 3256 B*o*.
1234 3192 1368 3257 Utrumss

280 3315 342 3378 que
372 3295 493 3359 falsum
521 3314 594 3358 esse
624 3293 851 3358 demonstrant
878 3295 1019 3375 codices,
1046 3315 1186 3378 quorum
1207 3291 1296 3357 PVa
1319 3293 1364 3356 Ve

280 3395 351 3459 Ru
383 3397 411 3460 A
437 3397 560 3462 habent
582 3393 753 3480 φυλάττειν,
789 3394 849 3460 Vor
885 3394 913 3460 G
945 3403 978 3461 et
1013 3417 1096 3461 corr.
1130 3395 1159 3458 R
1192 3392 1365 3479 φυλάσσειν.

284 3497 500 3563 Scribendum
524 3502 574 3563 est
595 3497 698 3578 igitur
721 3495 891 3582 φυλάττειν.
930 3497 1016 3572 Quid
1035 3498 1121 3561 enim
1144 3496 1265 3577 obstat,
1288 3516 1365 3579 quo-

279 3600 386 3664 minus
408 3597 594 3680 praesentis
617 3598 829 3681 participium
851 3597 906 3661 hio
929 3597 1032 3662 fuisse
1055 3598 1242 3662 credamus!

194 3719 221 3761 ν.
238 3703 295 3761 251
326 3721 386 3781 pro
413 3699 495 3781 volg.
524 3696 640 3760 πέπλον
669 3697 856 3782 Koechlyus
882 3718 913 3779 p.
946 3703 983 3761 13
1011 3697 1155 3762 restituit
1174 3718 1191 3760 e
1213 3696 1239 3760 P
1261 3696 1364 3760 πέπλα

279 3798 432 3881 idemque
455 3804 506 3863 est
527 3797 562 3860 in
583 3797 612 3860 R
633 3796 712 3862 Vor.

194 3921 221 3962 v.
239 3903 299 3964 257
322 3921 382 3983 pro
404 3897 488 3982 volg.
513 3897 686 3982 λευγαλίῃς
708 3899 846 3981 praebet
867 3899 892 3963 P
913 3898 965 3964 Va
986 3897 1031 3964 Ve
1055 3895 1239 3982 λεπταλέῃς,
1261 3897 1289 3960 R
1311 3901 1363 3960 λε-

279 3999 420 4082 σταλέης.
459 3998 668 4082 Adjectivum
695 3998 876 4080 λεπτάλευς,
905 4000 994 4084 quod
1021 4000 1161 4065 multum
1188 4003 1362 4081 praestare

280 4101 361 4166 dicit
382 4102 569 4188 Koechlyus
591 4102 612 4166 l.
633 4100 653 4165 l.
678 4123 708 4183 p.
733 4105 781 4182 15,
798 4103 904 4168 'etiam
925 4101 1034 4166 Nonni
1055 4123 1118 4164 usu
1140 4099 1361 4179 confirmatur,

278 4204 335 4286 qui
359 4204 509 4269 similiter
531 4203 662 4288 Dionys.
688 4207 736 4268 13.
759 4225 803 4269 ass
824 4223 894 4287 sqq.
918 4205 965 4268 sic
989 4202 1070 4266 dicit
1092 4201 1132 4265 de
1156 4201 1248 4284 Syrio
