3150 4786
660 315 869 376 ..23-

182 497 244 544 ac.
276 476 430 544 Omnium
451 499 529 546 vero
552 480 783 564 gravissimum
806 489 1035 565 argumentum
1056 491 1122 566 est,
1145 485 1234 568 quod
1257 505 1352 552 suum

183 576 343 645 Barthius
366 581 513 647 codicem
534 605 602 667 ηρω
625 589 817 649 constanter
839 603 914 650 eum
930 585 1050 670 spiritu
1070 587 1136 652 leni
1158 585 1352 668 praebuisse

182 679 278 764 dicit,
301 683 390 765 quod
412 683 500 749 idem
522 683 556 748 in
577 686 686 751 tribus
709 685 775 750 illis
803 685 975 752 codicibus
1005 707 1078 751 esse
1108 685 1256 752 adfirmo.
1301 687 1352 752 In·

182 785 309 848 certum
330 789 441 852 tamen
463 795 522 870 est,
545 788 722 854 desieritne
737 787 868 853 Barthii
891 786 995 853 codex
1008 809 1106 854 versu
1122 795 1183 856 245
1199 810 1353 856 unacum

180 883 310 968 ceteris,
332 908 374 952 an
399 887 500 956 luerit
520 889 655 972 integer.

266 987 419 1056 Ceterum
443 991 499 1056 ⁴hic
526 998 575 1072 ut,
604 1013 688 1074 quae
717 991 761 1057 ad
789 992 875 1057 hanc
908 992 1073 1076 pertinent
1103 993 1276 1077 familiam,
1305 996 1353 1060 eis

183 1090 333 1156 omnibus
361 1092 537 1175 defungar,
566 1113 666 1158 unum
688 1100 795 1160 restet
816 1098 854 1159 ut
876 1091 1005 1158 addam.
1051 1093 1201 1178 Vestigia
1228 1095 1353 1162 codicis

182 1192 224 1257 ed
239 1193 325 1258 hanc
340 1193 501 1260 familiam
517 1195 655 1279 propius
672 1195 861 1261 accedentis
874 1195 1130 1280 deprehendisse
1145 1197 1227 1262 mihi
1239 1197 1354 1264 videor

180 1294 213 1358 in
242 1295 394 1362 Andreae
422 1296 517 1381 Papii
551 1296 696 1362 editione
725 1295 922 1382 Antverpiae
951 1319 979 1362 a.
1006 1301 1086 1363 1575
1115 1298 1242 1382 publici
1267 1299 1353 1382 juris

181 1395 278 1462 facta.
321 1396 354 1462 Is
377 1398 463 1464 enim
485 1397 611 1480 ,varias
641 1397 815 1465 nonnullas
844 1397 1001 1462 lectiones
1031 1399 1225 1484 exemplaris
1255 1421 1354 1465 manu

184 1498 300 1596 scripti
323 1521 343 1564 a
366 1499 528 1565 Gulielmo
549 1497 691 1565 (laetere
708 1519 820 1564 secum
842 1498 1101 1565 communicatas
1124 1521 1159 1566 se
1180 1501 1354 1568 habuisse“

180 1599 351 1666 adnotavit
372 1601 416 1666 ad
437 1623 465 1664 v.
491 1606 560 1682 169,
582 1601 640 1666 ubi
662 1599 788 1683 ὀπωπὴν
809 1622 869 1683 pro
891 1599 1024 1685 volgato
1040 1596 1176 1686 ὀμίχλην
1197 1603 1351 1668 restituit.

181 1701 253 1779 Qua
275 1723 293 1767 e
316 1702 481 1786 scriptura
511 1701 613 1767 codex
643 1701 698 1766 ille
721 1701 829 1784 qualis
857 1702 957 1768 fuerit
986 1701 1142 1784 colligere
1168 1705 1221 1769 vix
1242 1725 1355 1789 posse·

179 1824 269 1886 mus,
291 1805 356 1868 nisi
378 1804 464 1870 hanc
487 1803 581 1886 Papii
608 1802 855 1869 adnotationem
883 1803 1080 1870 haberemus
1108 1809 1253 1871 extremo
1282 1826 1355 1872 car·

180 1905 259 1970 mini
285 1905 451 1988 adjectam
477 1902 654 1986 ,adfinem
684 1904 849 1989 opusculi,
881 1904 1004 1987 inquit,
1034 1911 1222 1972 accesserat
1252 1907 1355 1972 versi·

181 2006 273 2071 culus
306 2007 362 2072 hic
395 2005 429 2070 in
460 2005 653 2090 exemplari,
685 2006 773 2088 quod
800 2004 982 2070 Gulielmus
1005 2005 1165 2072 Oanterus
1198 2028 1272 2072 cum
1296 2028 1354 2074 suo

180 2108 380 2189 contulerat,
418 2108 476 2172 sed
511 2107 700 2173 adscititius
739 2108 810 2172 sine
847 2107 967 2173 dubio:
1005 2105 1100 2170 τοῖσιδ’
1136 2105 1355 2193 ἑρωμανέεσσιν

180 2206 270 2272 ἄεθλ’
283 2207 420 2272 11161111>
432 2206 575 2293 &utquid
613 2207 689 2273 Jam
711 2209 867 2292 quoniam
888 2209 976 2273 idem
997 2229 1112 2274 versus
1135 2215 1186 2274 est
1208 2211 1356 2276 1111111111

180 2333 209 2392 a,
230 2311 400 2392 nemiuem,
422 2315 459 2376 ut
482 2311 607 2395 opinor,
630 2309 734 2392 fugiet
752 2309 828 2375 inde
844 2309 923 2394 quid
939 2309 1050 2392 colligi
1065 2311 1181 2393 possit.
1225 2311 1356 2378 Etenim

179 2411 267 2478 hunc
288 2433 419 2478 versum
435 2411 479 2476 ad
500 2411 603 2477 totius
628 2411 783 2476 carminis
806 2409 904 2476 finem
918 2410 952 2475 in
965 2409 1099 2476 Oanteri
1114 2411 1227 2477 codice
1242 2433 1355 2478 acces·

182 2511 266 2579 sisse
289 2513 318 2577 si
344 2534 457 2578 verum
487 2517 551 2594 est,
582 2512 622 2577 de
648 2534 715 2596 qua
746 2511 878 2595 quidem
903 2531 939 2575 re
968 2515 1054 2577 teste
1076 2511 1179 2598 Papio
1208 2513 1355 2580 dubitari

180 2613 302 2697 nequit,
326 2635 365 2678 ex
387 2613 444 2678 illo
468 2614 497 2678 si
518 2634 583 2678 non
605 2635 727 2696 omnes,
749 2619 784 2677 at
802 2612 941 2695 Regium
964 2614 1164 2698 exscriptum
1186 2633 1259 2679 esse
1282 2635 1355 2680 cum

180 2714 293 2798 aliqua
314 2714 383 2780 veri
406 2714 514 2797 specie
538 2715 744 2780 contendam.
802 2725 804 2730 '

265 2815 405 2893 Quintus
429 2816 545 2898 codex,
575 2838 673 2901 quem
701 2835 762 2899 ego
791 2836 865 2880 cum
893 2813 1038 2880 editione
1059 2813 1199 2881 Roeveri
1221 2817 1355 2898 contuli,

183 2917 334 3000 Lugduni
349 2917 550 2983 Batavorum
566 2920 652 2984 inter
667 2915 777 2982 Isaaci
792 2916 902 2983 Vossii
925 2915 1056 2982 codices
1078 2915 1207 2982 mediae
1229 2915 1354 2982 formae

185 3020 381 3085 adservatur
404 3024 436 3084 et
459 3019 609 3101 signatus
632 3024 683 3084 est
703 3039 734 3081 n.
758 3024 807 3084 59.
831 3017 893 3104 (cf.
916 3017 1064 3098 Catalog.
1086 3018 1227 3083 univers.
1250 3015 1352 3100 Lugd.

179 3122 251 3186 Bat.
273 3142 302 3186 a.
320 3126 400 3185 1716
423 3143 454 3204 p.
479 3118 567 3208 398).
609 3119 649 3184 In
670 3119 777 3184 fronte
799 3120 896 3205 hujus
924 3118 1050 3184 codicis
1079 3117 1208 3184 scidula
1229 3117 1353 3200 glutine

180 3225 306 3290 inserta
329 3225 387 3303 111,
410 3241 477 3304 qua
492 3221 528 3286 A.
549 3220 731 3286 Holderum
753 3219 880 3284 Musaei
903 3240 1037 3285 carmen
1057 3219 1092 3284 in
1113 3239 1210 3286 usum
1232 3217 1266 3284 Ο.
1287 3219 1354 3283 Dil-

179 3325 263 3392 theii
287 3344 389 3389 mens.
406 3321 533 3404 Septbr.
557 3343 586 3390 1.
611 3327 690 3388 1867
716 3323 896 3387 contulisse
919 3322 1084 3387 docemur.
1130 3320 1354 3398 111111111-

179 3428 328 3494 tissimus
350 3429 461 3488 utrum
486 3424 610 3490 codicis
633 3423 724 3488 illius
747 3424 851 3506 copiis
874 3444 953 3488 usus
985 3425 1045 3506 111,
1074 3445 1118 3489 an
1145 3424 1194 3488 uti
1216 3422 1354 3488 voluerit

179 3527 305 3594 neseio:
333 3546 407 3590 eum
436 3531 547 3590 tamen
584 3527 725 3592 triennio
762 3525 830 3590 lere
863 3526 1036 3609 interjecto
1071 3525 1154 3589 nihil
1187 3526 1222 3588 in
1250 3524 1354 3589 lucem

181 3629 330 3709 ediderit,
353 3648 417 3710 quo
440 3647 497 3693 eas
512 3626 685 3692 nobiscum
701 3626 995 3707 communicaverit,
1018 3646 1125 3690 meum
1148 3646 1220 3691 esse
1241 3627 1355 3710 putavi

181 3730 389 3795 collationem
411 3749 519 3793 meam
540 3727 575 3791 111
598 3748 726 3810 eorum,
756 3727 876 3810 quibus
903 3728 987 3792 haec
1016 3728 1126 3792 studia
1155 3726 1248 3791 cordi
1271 3731 1355 3807 sunt,

180 3852 277 3896 usum
307 3831 470 3912 evulgare.
507 3828 628 3894 'Codex
665 3835 715 3894 est
751 3828 947 3894 chartaceus
978 3829 1104 3894 saeculi
1126 3825 1197 3908 XV,
1227 3828 1261 3891 in
1291 3847 1355 3911 quo

180 3931 337 3997 Musaeus
359 3931 435 3996 inde
458 3950 478 3994 1
500 3927 555 3995 iol.
578 3935 619 3996 80
641 3950 745 4013 usque
769 3931 813 3996 ad
834 3930 890 3996 fol.
914 3937 953 3996 87
970 3929 1143 3995 exhibetur
1165 3927 1262 3993 etsie
1283 3927 1355 4011 qui-

181 4033 256 4098 dem
269 4032 392 4096 litteris
407 4031 600 4116 majusculis
615 4032 813 4113 inscriptum
829 4027 1044 4096 ΜΟΥΟΑΙΟΥ
1068 4009 1120 4096 Tb
1138 4025 1241 4092 KAT'
1261 4007 1349 4092 ‘eph

182 4108 257 4198 111
286 4117 521 4200 annulae.
543 4130 655 4196 mua
677 4132 811 4216 quaem
832 4131 901 4207 sne,
932 4132 990 4196 ses
1016 4151 1036 4194 a
1058 4129 1196 4196 aaran
1224 4128 1300 4194 run
1322 4133 1354 4192 1
