3150 4786
695 327 906 390 ‚32-

215 493 411 577 explicetur,
433 491 501 557 tale
527 491 563 557 id
590 491 693 557 fuisse
721 493 921 560 credendum
949 497 1010 574 est,
1039 496 1076 556 ut
1103 493 1250 558 nonnulli
1272 513 1389 560 versus
1519 500 1523 589 ³3

215 595 343 659 librarii
370 593 570 676 negligentia
593 594 707 658 omissi
732 595 782 660 vel
813 597 899 662 inter
922 616 1035 662 versus
1065 594 1115 660 vel
1137 595 1180 660 ad
1198 598 1389 678 marginem
1519 596 1523 675 f

77 689 81 698 ’
215 695 376 778 adscripti
407 695 563 761 luissent:
592 695 677 760 unde
706 696 764 760 alii
791 693 920 760 librarii
952 698 1035 762 alios
1062 718 1175 762 versus
1203 697 1236 760 in
1263 701 1389 762 textum
1522 694 1526 758 t

216 797 409 881 reciperent,
442 798 524 864 alios
554 817 690 881 prorsus
724 797 942 880 neglegerent.
992 797 1108 881 Itaque
1131 797 1214 862 miro
1244 798 1389 881 quodam

216 919 296 964 casu
316 897 446 964 videtur
468 899 639 977 accidisse,
665 905 700 964 ut
723 897 811 964 PVa
826 899 873 964 Ve
902 899 1026 964 eisdem
1048 899 1199 964 versibus
1230 898 1297 962 sint
1320 896 1389 988 ple-

215 1000 334 1080 niores,
358 1019 422 1065 uno
445 1001 624 1084 eodemque
654 1021 751 1066 versu
773 1005 918 1066 careant.
964 1000 1012 1064 Αιι
1035 1021 1148 1066 censes
1172 999 1270 1066 aliter
1290 1019 1388 1084 posse

218 1101 301 1166 haec
324 1101 505 1185 explicari?

301 1202 370 1268 Nec
396 1223 473 1268 vero
502 1205 598 1270 modo
629 1207 742 1270 omissi
772 1225 885 1271 versus
915 1204 1183 1277 additiluerunt
1208 1202 1389 1269 sedetiam

215 1324 329 1370 versus
359 1310 417 1371 188
447 1303 491 1370 ad
519 1327 649 1372 versum
677 1311 717 1371 32
740 1306 926 1389 explicandi
955 1327 1057 1371 causa
1089 1306 1278 1390 adscriptus
1310 1305 1390 1370 fuit:

216 1406 302 1472 unde
324 1405 448 1472 factum
471 1415 530 1490 est,
552 1415 589 1474 ut
612 1409 668 1492 qni
690 1407 875 1474 scriberent
898 1408 1046 1474 codicem
1067 1407 1096 1472 R
1118 1413 1151 1474 et
1176 1407 1389 1492 archetypum

217 1508 367 1573 codicum
390 1508 438 1574 Va
459 1511 517 1590 Ve,
540 1531 637 1575 versu
660 1515 699 1574 33
725 1509 857 1574 sublato
880 1531 953 1574 eum
975 1509 1172 1592 reciperent3
1198 1508 1255 1592 qui
1276 1507 1389 1573 Vossi-

217 1630 316 1674 anum
339 1617 497 1692 exararet,
521 1631 594 1676 eum
617 1615 693 1696 post
715 1631 742 1675 ν.
758 1614 797 1676 32
821 1611 994 1676 insereret:
1018 1610 1053 1675 id
1075 1611 1163 1694 quod
1178 1631 1243 1675 non
1264 1610 1389 1674 minimi

218 1711 372 1777 momenti
394 1717 444 1776 est
466 1711 509 1775 ad
532 1711 789 1777 confirmandam
812 1733 884 1777 eam
906 1711 1111 1793 sententiam,
1140 1731 1239 1796 quam
1263 1712 1303 1776 de
1325 1713 1390 1777 ori-

218 1811 292 1892 gine
313 1810 403 1876 illius
427 1833 528 1897 supra
548 1815 679 1896 protuli.

302 1913 415 1997 Neque
437 1918 548 1980 tamen
569 1916 652 1982 haec
676 1918 757 1982 satis
780 1917 891 1981 valent
913 1915 955 1980 ad
975 1913 1202 1980 condicionem
1218 1914 1388 1998 archetypi

219 2015 491 2096 cognoscendam.
536 2017 654 2082 Omnes
677 2019 762 2084 enim
784 2016 915 2082 codices
931 2015 1148 2081 contaminati
1164 2022 1239 2080 sunt
1255 2015 1390 2098 glossis:

219 2114 339 2198 quibus
362 2136 422 2181 nec
445 2116 614 2184 Palatinus
636 2124 706 2185 tam
728 2120 833 2185 bonus
856 2123 965 2183 estut
986 2137 1124 2199 prorsus
1146 2124 1250 2198 vacet,
1276 2136 1386 2199 quam·

219 2237 318 2300 quam
341 2217 411 2299 ejus
434 2217 592 2284 librarius
614 2221 726 2304 paullo
749 2221 935 2303 religiosius
958 2240 1057 2303 quarn
1074 2220 1176 2284 ceteri
1196 2219 1231 2283 in
1247 2217 1387 2283 carmine

220 2316 438 2384 describendo
469 2325 619 2384 versatus
649 2328 709 2388 est.
760 2321 854 2399 Quod
883 2342 947 2403 quo
976 2319 1107 2384 facilius
1138 2318 1320 2402 intellegas,
1351 2338 1390 2382 ea

220 2419 420 2501 glossemata
448 2420 637 2503 subiiciam,
667 2444 751 2505 quae
780 2423 814 2486 in
843 2421 1019 2506 archetypo
1052 2420 1154 2485 luisse
1177 2419 1390 2486 crediderim:

218 2542 246 2586 v.
285 2525 326 2586 34
350 2519 544 2604 συνωμίλησε
566 2520 616 2587 Va
638 2523 685 2588 Ve
708 2520 807 2610 Rau)
831 2521 857 2586 B
879 2542 939 2605 pro
964 2517 1168 2605 μεθωρίλησε
1190 2520 1274 2585 PVor

219 2645 247 2687 ν.
287 2626 328 2686 47
351 2617 395 2683 ἐνὶ
411 2619 568 2684 πτολίεσσι
581 2621 767 2689 Va*Ve*R
783 2622 885 2712 (αβ*)
900 2621 1014 2688 Β*θοι
1031 2643 1092 2706 pro
1108 2619 1167 2686 ἀνὰ
1181 2622 1352 2707 πτολίεθρα
1367 2622 1393 2687 Ρ

220 2745 248 2788 ν.
286 2728 327 2788 88
351 2720 601 2807 πυροπνεύστοισι
616 2724 665 2787 Β*
676 2722 749 2813 (β*)
764 2746 824 2808 pro
834 2724 1046 2810 πυριβλὴτοισι
1061 2723 1086 2786 Ρ
1102 2721 1150 2789 Va
1161 2723 1209 2788 Ve
1219 2723 1277 2788 Vol
1299 2724 1326 2788 R
1341 2720 1391 2811 (α)

220 2847 247 2890 ν.
268 2829 325 2888 111
352 2821 494 2907 ἀνέφαινε
516 2823 589 2889 Va*
614 2825 795 2914 ΒΒ(αβ*)
820 2825 952 2911 ἀνέφηνε
974 2823 1021 2890 Ve
1043 2846 1102 2909 pro
1126 2822 1264 2888 ἀνέτειλε
1286 2824 1387 2890 PVor

220 2947 247 2990 ν.
265 2929 321 2990 131
349 2920 571 3009 ἐπεχθαίρουσι
592 2926 626 3006 P,
650 2923 876 3012 ἀπεχθαίρουσι
898 2927 926 2990 R
948 2923 1008 3014 (α),
1030 2921 1212 3009 ἐχθαίρουσι
1239 2925 1288 2992 Va
1309 2925 1356 2992 Ve

353 3048 413 3109 pro
437 3021 615 3090 ἀπειλείωσι
637 3025 718 3113 (β*),
742 3025 929 3094 ἀπειλείουσι
951 3027 986 3109 Β,
1011 3025 1212 3112 ἀπειλήσουσι
1233 3027 1301 3094 Vol

221 3153 249 3194 v.
271 3134 330 3195 145
353 3131 442 3192 πιστὰ
464 3128 535 3194 Va*
561 3128 627 3194 Vol
653 3129 702 3192 Β*
727 3128 797 3218 (β*)
820 3151 879 3215 pro
903 3127 996 3193 κεδνὰ
1017 3129 1042 3193 Ρ
1064 3127 1111 3193 Ve
1134 3129 1162 3192 R
1184 3126 1233 3218 (α)

221 3254 250 3297 v.
266 3236 325 3298 301
351 3229 465 3315 πύργου
489 3230 517 3294 R
538 3231 586 3316 (α)
610 3231 660 3294 Β*
686 3230 760 3320 (β*)
784 3234 849 3298 Vol
877 3252 937 3314 pro
963 3228 1077 3312 λύχνου
1100 3230 1126 3292 Ρ
1149 3229 1197 3294 Va
1219 3230 1265 3295 Ve

222 3355 250 3398 ν.
268 3337 330 3397 314
352 3329 480 3395 σύνθετο
502 3332 530 3395 R
553 3329 602 3419 (o)
625 3331 676 3394 Β*
700 3333 771 3418 (β*)
793 3333 856 3398 θοι
885 3353 945 3415 pro
969 3327 1101 3414 σύγχυτο
1124 3329 1148 3394 Ρ
1171 3330 1220 3396 Va
1242 3329 1289 3397 Vc

306 3434 481 3498 Praeterea
503 3451 587 3496 unus
611 3431 679 3499 fere
702 3435 841 3518 quisque
864 3431 998 3518 propria
1014 3431 1178 3515 quaedam
1200 3437 1291 3498 tenet
1305 3433 1394 3516 glos·

223 3540 357 3617 somata,
381 3554 465 3617 quae
488 3539 597 3598 utrum
620 3533 654 3596 in
677 3531 854 3618 archetypo
878 3532 1009 3615 fuerint,
1032 3553 1075 3598 an
1096 3533 1269 3617 asingulis
1292 3533 1395 3598 libra·

222 3636 281 3701 riis
308 3636 412 3701 textui
442 3635 538 3701 illata
570 3636 636 3700 sint
664 3635 826 3702 incertum
854 3639 914 3702 ost.
957 3634 996 3700 In
1022 3635 1173 3701 Palatino
1202 3639 1253 3700 est
1282 3657 1310 3699 v.
1333 3638 1394 3699 203

223 3740 305 3820 κῦμα
326 3759 385 3821 pro
409 3733 518 3819 οἷδρα;
548 3738 582 3802 in
604 3737 764 3804 Vaticano
781 3735 969 3820 Venetoqne
991 3759 1018 3801 v.
1036 3742 1096 3801 277
1120 3733 1313 3820 ἐπεκτύπησε
1334 3754 1394 3820 pro

224 3835 438 3923 insculptarum
462 3861 489 3904 ν.
506 3843 566 3902 267
591 3832 810 3902 πολλ’ἔπαθθὲ
832 3837 866 3902 in
888 3836 947 3918 Va,
975 3833 1061 3902 πολλ’
1090 3835 1203 3908 ἔπαθες
1232 3832 1271 3898 τὰ
1293 3837 1327 3900 in
1348 3835 1395 3900 Ve

223 3961 283 4025 pro
306 3938 410 4003 πολλὰ
434 3941 584 4023 miraeum
614 3939 648 4003 in
670 3939 771 4020 Regio
793 3961 819 4002 ν.
838 3944 878 4006 48
901 3933 946 4000 ἐνὶ
968 3937 1130 4024 πτυχέσσιν
1152 3937 1245 4000 ναίων
1266 3958 1327 4022 pro
1351 3931 1395 3999 ἐνὶ

224 4041 402 4127 πτερύγεσσι
416 4040 563 4126 χορεύων,
585 4061 612 4108 ν.
626 4043 688 4106 213
706 4037 810 4124 βλέψω
824 4059 884 4124 pro
899 4035 1027 4125 ύψοραι;
1050 4039 1084 4104 in
1100 4037 1261 4104 Vossiano
1288 4039 1395 4124 primo

224 4165 251 4208 ν.
268 4147 325 4208 221
353 4140 464 4206 ἔθελον
487 4162 546 4227 pro
570 4139 742 4223 συνέθεντο,
764 4164 793 4208 ν.
811 4145 872 4206 260
895 4139 1021 4204 πυλάων
1043 4161 1104 4226 ριο
1127 4139 1260 4228 θυράων,
1282 4163 1311 4207 ν.
1335 4145 1396 4207 319
