3150 4786
680 386 888 446 ,46-

330 547 428 632 τάφρα
455 545 489 612 δέ
513 545 681 632 Δαρδάνων
708 545 760 612 καὶ
784 547 902 634 Τράίον
929 549 1018 622 οθδας
1042 549 1172 637 ἀμείψας

322 643 497 734 Ἰσμαρίδος
521 649 658 734 μεθέηκε
681 652 877 735 παραπλώων
900 653 997 736 στόμα
1020 649 1139 738 λίμνης.

285 768 395 835 Codex
409 769 606 834 Mutinensis
624 770 760 848 praebet
776 767 865 840 οὖδας
882 767 1026 855 ἀμείβων,
1043 773 1130 855 quod
1144 774 1240 838 unice
1256 795 1369 838 verum

200 892 272 936 esse
295 872 392 937 facile
415 871 478 936 tibi
499 870 731 954 persuadebis,
753 893 828 936 oum
849 871 966 954 Nonni‚
989 895 1085 956 quem
1109 894 1234 938 summo
1258 875 1369 939 studio

200 971 254 1036 ille
284 979 416 1038 secutus
444 979 507 1054 est,
540 973 783 1053 comparaveris
806 973 866 1039 hos
889 974 996 1039 locos:
1020 975 1151 1058 Dionys.
1175 981 1202 1038 4.
1219 1001 1262 1040 aar
1290 998 1370 1058 sqq.,

200 1073 257 1138 ubi
281 1073 321 1137 de
344 1068 460 1138 Cadmi
482 1072 599 1136 itinere
622 1072 743 1138 dicitur

205 1217 211 1228 ·
327 1187 378 1253 καὶ
401 1189 491 1262 ποδδς
513 1185 597 1275 ἴχνος
622 1187 719 1274 ἔθηκε
736 1188 915 1277 Ταναγραίῳ
939 1199 1070 1271 κενεῶνι,

328 1292 362 1354 ἐκ
385 1291 419 1356 δέ
440 1287 616 1376 Κορωνείης
634 1290 816 1376 Ἃλιάρτιον
839 1292 927 1364 οὖδας
952 1293 1088 1378 ἀμείβων

327 1390 481 1457 Θεσπιέων
503 1415 535 1456 τε
559 1393 664 1476 πόληα
687 1393 901 1479 βαθυκνίημους
924 1419 956 1458 τε
986 1392 1145 1464 Πλαταιὰς

330 1491 457 1578 Ἀονίης
484 1493 594 1578 σχεδὸν
620 1492 700 1576 ἦλθε
729 1493 819 1558 πέδον
843 1493 977 1560 Βοιωτὸν
999 1496 1122 1562 ὁδεύων.

201 1601 234 1660 et
247 1602 275 1660 8.
292 1620 321 1661 ao
338 1617 417 1679 sqq.,
432 1595 489 1660 ubi
504 1595 623 1664 Φθόνσς
639 1593 799 1660 Junonem
815 1596 849 1658 in
861 1597 1008 1662 Semelen
1024 1601 1168 1663 concitat
1184 1599 1235 1662 his
1250 1599 1369 1680 verbis,

328 1693 409 1768 δίζεό
433 1719 479 1759 σοι
502 1695 567 1759 νέον
590 1691 684 1757 ἄλλον
707 1694 739 1756 ἐν
762 1692 862 1780 αἰθέρι
885 1699 1024 1783 νυμφίον,
1044 1697 1152 1784 Ἥρη,

329 1795 433 1880 ἀλλον,
456 1797 522 1860 ἐπεὶ
546 1794 668 1878 Σεμέλη
692 1795 759 1858 τεὸν
781 1797 927 1882 ἥρπασεν,
958 1800 994 1884 ἧς
1017 1799 1106 1885 χάριν
1130 1801 1215 1885 εὐνῆς

332 1896 437 1983 Θήβης
461 1895 644 1961 ἑπταπύλοιο
667 1897 819 1981 γαμήλιον
840 1898 929 1970 οὖδας
953 1899 1089 1986 ἀμείβων

327 1998 451 2083 οὐρανὸν
474 1997 645 2070 ἑπτάζωνον
668 1995 828 2062 ἀναίνεται.

286 2186 350 2250 Sed
372 2185 545 2250 redeamus
566 2185 609 2248 ad
631 2185 810 2249 Musaeum.
857 2185 1026 2250 Gravioris
1054 2191 1207 2254 momenti
1230 2189 1297 2254 alia
1319 2195 1370 2253 est

204 2287 360 2352 Vossiani
384 2287 558 2368 scriptura,
580 2307 664 2368 quae
689 2293 739 2349 est
761 2288 794 2350 in
816 2309 843 2351 ν.
867 2292 927 2350 295
953 2309 1022 2370 sqq.

332 2386 445 2472 βένθεα
469 2385 660 2470 δ’ἀστηρικτο
683 2383 734 2448 καί
757 2385 832 2470 θχρά
857 2386 999 2470 θέμεθλα
1022 2389 1182 2476 θαλάσσης

329 2489 480 2574 χειμέριοι
501 2483 652 2558 πνείοντες
673 2483 721 2549 ἀεὶ
742 2487 918 2571 στυφέλιξαν
940 2487 1030 2572 ἀῆται
1236 2483 1238 2486 ’

334 2589 462 2653 λαίλαπι
478 2589 671 2672 μαστίζοντες
685 2589 761 2672 θλην
772 2587 841 2654 ἀλα.

203 2709 343 2774 Praebet
382 2709 467 2772 enim
505 2705 560 2770 ille
591 2702 762 2790 χειμερίον,
801 2710 886 2772 unde
913 2730 986 2773 cum
1014 2711 1225 2794 participium
1258 2711 1371 2774 πνείον-

202 2832 251 2880 τες
276 2815 389 2892 aperte
412 2807 558 2892 postulet
580 2809 780 2889 adverbium,
803 2809 957 2894 χειμέριον
979 2812 1156 2876 eruendum
1180 2833 1251 2877 esse
1275 2813 1372 2877 facile

201 2911 262 2975 tibi
284 2909 510 2993 persuadebis.
546 2909 636 2974 Idem
653 2910 724 2993 jam
739 2909 932 2975 Dorrillium
948 2913 1163 2995 conjectando
1180 2913 1372 2981 adsecutum

204 3031 277 3076 esse
296 3016 413 3075 narrat
428 3011 607 3090 Rceverus;
629 3031 689 3075 nec
704 3011 819 3076 mirari
835 3013 1015 3076 desinimus
1031 3017 1191 3079 neminem
1207 3017 1372 3099 conjectu·

203 3133 274 3178 ram
290 3111 381 3177 illam
396 3113 428 3174 in
446 3117 569 3175 textum
585 3112 756 3195 recepisse.
788 3113 1002 3178 Verissimum
1019 3114 1103 3178 enim
1127 3137 1198 3180 eam
1222 3135 1293 3178 esse
1318 3115 1373 3178 de-

202 3219 387 3278 monstrant
408 3214 507 3277 etiam
530 3232 645 3278 versus
667 3236 753 3279 nunc
774 3215 1011 3298 pertractandi,
1035 3217 1090 3297 qui
1119 3223 1195 3280 sunt
1218 3221 1278 3281 309
1303 3237 1372 3298 sqq.

331 3337 377 3409 νδξ
396 3338 432 3422 ἢν
457 3337 524 3402 εὖτε
549 3338 680 3420 μάλιστα
702 3336 930 3423 βαρυπνείοντες
951 3338 1053 3421 ἀῆται,

330 3440 488 3524 χειμερίης
512 3431 645 3522 πνοιῇσιν
669 3439 873 3510 ἀκοντίζοντες
897 3443 994 3524 ἀῆται,

334 3539 447 3626 ἀθρόον
467 3536 664 3624 ἐμπίπτουσιν
685 3537 734 3604 ἐπί
763 3539 884 3626 ῥηγμῖνι
903 3537 1061 3625 θαλάσσης

203 3691 230 3733 ν.
260 3674 321 3735 309
352 3669 518 3753 volgatum
550 3678 622 3734 erat
657 3675 733 3734 ante
766 3667 965 3754 Stephanum
996 3667 1224 3755 βαμυπνείουσιν
1260 3671 1374 3754 ἀήταις,

204 3771 290 3854 quod
314 3771 420 3837 estin
443 3771 470 3855 β,
494 3772 552 3836 sed
574 3770 801 3852 nominativos,
825 3793 906 3854 quos
924 3773 1045 3856 reliqui
1060 3773 1218 3854 praebent
1233 3772 1374 3853 codices

206 3872 501 3952 comprobaverunt
528 3874 562 3935 in
590 3878 780 3954 textumque
808 3879 1001 3957 receperunt
1031 3897 1102 3938 cum
1132 3871 1296 3955 Stephano
1325 3895 1374 3936 re-

205 3974 368 4036 centiores
399 3973 553 4038 editores.
585 4011 622 4026 —
651 3973 688 4036 V.
712 3979 774 4036 310
804 3975 961 4056 praebent
991 3976 1121 4040 codices
1149 3973 1257 4038 PRB
1287 3969 1374 4036 ἀκον-

206 4069 335 4145 τίζοντες
362 4074 465 4159 ἀητας,
488 4075 553 4138 nisi
575 4074 662 4158 quod
678 4074 712 4138 in
726 4073 753 4136 B
769 4081 819 4139 est
836 4076 943 4159 ἀῆτας;
966 4076 1011 4140 Ve
1029 4071 1232 4146 ἀκοντίζοντες
1251 4073 1373 4142 ἀέλλας.

206 4169 336 4240 Editum
362 4182 412 4241 cst
436 4171 639 4249 ἀκοντίζοντες
665 4175 763 4259 ἀῆται,
786 4177 870 4259 quod
896 4179 993 4242 estin
1008 4176 1079 4240 Va*
1095 4175 1146 4260 β*
1179 4175 1267 4239 Haec
1287 4170 1374 4257 ἀῆται
