3150 4786
690 405 984 466 -se-·

214 569 261 635 Ac
283 570 384 636 talem
407 589 481 634 eum
502 567 605 634 fuisse
628 575 780 652 apparet,
810 578 847 636 ut
869 569 1110 653 scripturarum
1142 565 1386 680 discrepantias

214 691 231 734 a
259 669 397 734 diversis
420 670 592 736 codicibus
615 677 786 753 excerptas
809 677 950 736 teneret:
983 690 1088 752 neque
1118 668 1204 732 euim
1232 668 1297 732 nisi
1324 667 1387 732 hcc

214 772 309 837 modo
332 770 406 836 fieri
429 777 488 854 pot
489 773 547 853 nit,
570 772 826 854 utscripturae‚
852 791 937 854 quae
960 776 1040 853 quet
1040 776 1117 835 ι·ιιοι
1140 769 1290 834 codicum
1311 788 1388 851 pro-

214 873 305 956 priae
328 879 447 950 essent,
469 873 503 936 in
525 893 625 936 unum
647 871 859 938 confluerent.

298 975 390 1040 Haec
412 973 514 1038 habui
537 993 621 1057 quae
644 975 684 1038 de
707 975 866 1055 codicum,
889 973 1009 1058 quibus
1032 974 1165 1056 quidem
1187 992 1247 1036 nos
1262 972 1387 1036 utimur

214 1078 343 1144 ratione
359 1075 503 1141 dicerem
526 1081 559 1140 et
581 1076 783 1158 cognatione.
821 1076 938 1142 Restat
953 1074 1100 1157 denique,
1115 1079 1152 1138 ut
1168 1072 1309 1154 codices,
1329 1072 1386 1155 qui

214 1177 248 1241 in
270 1175 549 1242 bibliothecarum
571 1175 709 1241 latebris
726 1177 903 1240 etiamnum
920 1177 1124 1256 delitescant,
1140 1174 1284 1240 breviter
1299 1195 1386 1238 com-

215 1298 432 1343 memoremus
457 1297 578 1360 easque
594 1277 775 1342 indicemus
793 1278 901 1359 urbes,
925 1278 981 1342 ubi
997 1275 1140 1359 aliquem
1155 1275 1282 1340 Musaei
1299 1275 1387 1340 codi-

215 1399 286 1444 cem
310 1379 387 1444 olim
411 1377 576 1442 exstitisse
604 1379 831 1462 comperimus.

299 1479 380 1544 Tres
413 1484 490 1543 sunt
521 1479 670 1560 codices,
704 1499 786 1562 quos
820 1481 1022 1547 enotavimus
1061 1501 1078 1544 e
1109 1478 1386 1545 bibliothecarum

215 1581 392 1662 catalogis:

217 1680 325 1748 codex
340 1679 662 1747 vindobonensisu.
677 1679 793 1746 284
768 1686 876 1762 signat
876 1702 925 1746 us.
962 1680 1010 1746 Cf.
1032 1681 1174 1746 Nesselii
1197 1687 1251 1745 cat
1237 1681 1293 1745 ι.ι1
1308 1681 1388 1746 bibl.

215 1780 723 1866 Vindcb.Ilpart.le.142
757 1790 789 1849 et
810 1782 1058 1849 Montefalconii
1086 1783 1166 1900 bibl.
1195 1783 1348 1848 biblioth.
1371 1781 1387 1845 l

215 1905 247 1966 p
272 1889 343 1949 561.

217 1983 330 2051 Codex
346 1984 606 2051 Ambrosianus:
630 1984 669 2048 cf.
682 1984 774 2049 Mcnt
776 1985 928 2050 efalconii
950 1987 982 2052 b.
999 1986 1059 2051 bl
1077 2008 1108 2070 p.
1133 1991 1203 2051 502.

219 2083 333 2152 Codex
347 2084 558 2152 Matritensis
582 2106 611 2152 n
628 2085 674 2152 24
697 2089 854 2168 signatus,
877 2108 973 2171 quem
995 2087 1114 2152 Iriarte
1137 2089 1172 2151 in
1194 2085 1292 2150 catal.
1310 2104 1386 2149 mss.

216 2186 296 2253 bibl.
325 2186 449 2252 Matrit.
476 2209 506 2269 p.
533 2193 572 2254 86
604 2188 856 2253 accuratissime
881 2189 1072 2274 descripsit:
1102 2188 1228 2268 „codex
1247 2194 1310 2268 est,
1337 2189 1386 2248 in·

217 2289 301 2371 quit,
333 2288 528 2353 chartaceus
548 2290 582 2354 in
602 2289 672 2354 folii
695 2291 841 2372 modum,
868 2292 955 2356 foliis
978 2296 1132 2356 constans
1160 2295 1219 2356 136
1242 2289 1386 2354 densiori

217 2390 335 2454 charta
350 2396 449 2472 etque
465 2391 585 2475 optime
608 2391 764 2474 levigata;
786 2397 875 2456 totus
899 2391 1106 2458 Constantini
1121 2392 1273 2457 Lascaris
1288 2411 1387 2454 manu

217 2490 412 2575 descriptus,
428 2493 601 2556 maximam
623 2513 699 2556 vero
722 2497 850 2576 partem
872 2493 1070 2557 nitidissime
1092 2493 1191 2576 idque
1208 2489 1387 2556 Mediolani

216 2613 302 2658 anno
321 2597 410 2656 1464.
430 2591 463 2655 Is
485 2594 661 2676 praecipue
690 2594 836 2658 continet
846 2593 973 2659 Musaei
989 2593 1029 2658 de
1044 2593 1173 2659 Herone
1188 2599 1221 2658 et
1236 2593 1386 2657 Leandro

217 2715 364 2775 carmen,
386 2693 508 2778 Orphei
531 2695 753 2776 Argonautica
775 2701 808 2759 et
829 2695 975 2781 hymnos,
998 2695 1076 2760 item
1098 2696 1234 2781 hymnos
1252 2693 1385 2758 Homeri

217 2803 251 2860 et
259 2794 464 2874 Callimachi,
480 2800 625 2859 veterum
642 2795 781 2878 denique
792 2798 1064 2879 epigrammatum
1076 2795 1300 2860 collectanea.“
1315 2793 1387 2858 Mu·

217 2898 285 2960 saei
302 2917 434 2960 carmen
448 2896 496 2960 ita
511 2896 705 2977 inscriptum
721 2902 787 2960 est:
807 2894 966 2960 Μουσαίου
982 2895 1021 2960 τὰ
1037 2893 1106 2982 περὶ
1117 2894 1208 2981 Ἧρὼ
1221 2892 1271 2959 καὶ
1289 2895 1385 2960 Λέαν-

218 3000 297 3080 δρον.
341 2997 461 3069 Nescio
488 3017 530 3061 ιιι
562 3017 601 3061 ex
623 2997 685 3062 hoc
709 2997 821 3062 codice
852 2999 985 3065 fluxerit
1012 3000 1110 3064 editio
1134 2997 1385 3080 Complutensis,

218 3120 317 3180 quam
332 3097 504 3163 Harlesius
527 3119 566 3162 ex
591 3096 727 3162 Joannis
749 3099 904 3166 Lascaris
932 3101 1074 3167 editione
1102 3120 1290 3181 expressam
1312 3118 1385 3162 esse

215 3199 301 3266 falso
318 3199 490 3286 judicavit.

300 3301 436 3366 Praeter
471 3299 531 3364 hos
561 3300 692 3364 codices
723 3301 786 3364 duo
815 3302 1092 3366 commemorandi
1123 3309 1214 3383 sunt,
1247 3321 1384 3382 quorum

216 3403 301 3467 alter
316 3401 458 3486 Neapoli
473 3401 561 3479 olim,
578 3399 663 3462 alter
679 3398 816 3464 Cenuae
832 3401 997 3465 exstitisse
1012 3402 1214 3485 perhibetur,
1236 3403 1293 3467 ubi
1308 3421 1383 3465 num

216 3502 314 3567 hodie
331 3507 500 3566 serventur
514 3501 715 3582 ignoramus.
738 3498 993 3584 Neapolitanum
1008 3502 1100 3567 illum
1123 3525 1162 3568 ex
1183 3505 1235 3568 his
1257 3503 1295 3568 G.
1312 3503 1384 3565 Fal-

215 3602 390 3683 kenburgii
416 3602 524 3668 verbis
552 3601 776 3684 cognovimus,
799 3624 882 3686 quae
905 3604 948 3668 ad
970 3604 1077 3670 Nonni
1100 3604 1232 3690 Dionys.
1256 3605 1301 3668 IV
1324 3607 1383 3668 322

217 3703 281 3792 (ed.
311 3701 435 3768 Cunaei
461 3703 651 3768 Hannoviae
684 3707 764 3769 1610
790 3726 821 3786 p.
854 3705 949 3794 1319)
983 3707 1154 3772 adnotavit
1176 3707 1252 3790 ,,ἥρη
1283 3701 1385 3788 Copta,

217 3807 269 3869 cui
291 3809 328 3868 ut
358 3804 446 3887 apud
467 3804 641 3887 Virgilium
663 3812 739 3869 sunt
765 3806 900 3880 {vincula
921 3808 1049 3892 jugalia
1076 3827 1184 3872 curae.
1229 3807 1384 3871 Musaeus

217 3907 279 3970 etsi
300 3927 365 3972 non
387 3906 641 3987 vetustissimus,
663 3908 768 3972 bonus
790 3912 901 3972 tamen
924 3914 956 3972 et
971 3907 1102 3989 elegans
1116 3915 1213 3990 poeta
1229 3907 1263 3970 οὐ
1280 3905 1385 3989 [sylas

216 4007 295 4090 ἤρην
316 4028 360 4077 τις
383 4006 600 4090 ἐπευφήμησεν
623 4006 723 4077 ἀοιδὸς
746 4008 787 4091 (v.
811 4010 897 4093 275),
919 4008 976 4073 ubi
998 4010 1033 4072 in
1048 4009 1198 4074 omnibus
1214 4008 1383 4089 impressis

216 4106 311 4172 libris
335 4109 489 4173 mendose
512 4107 633 4189 legitur
655 4107 689 4170 οὐ
713 4104 818 4192 teylav
838 4106 923 4192 ἱερήν
937 4131 990 4192 τις,
1012 4111 1073 4174 hoc
1088 4131 1139 4174 me
1155 4110 1267 4175 docuit
1283 4108 1384 4173 codex

216 4227 275 4272 ms.
298 4208 331 4270 in
359 4209 558 4272 bibliotheca
580 4210 722 4291 quadam
744 4209 986 4292 Neapolitana.“
