<?xml version="1.0" encoding="UTF-8"?>
<!DOCTYPE html PUBLIC "-//W3C//DTD XHTML 1.0 Transitional//EN"
    "http://www.w3.org/TR/xhtml1/DTD/xhtml1-transitional.dtd">
<html xmlns="http://www.w3.org/1999/xhtml" xml:lang="en" lang="en">
 <head>
  <title>
</title>
<meta http-equiv="Content-Type" content="text/html;charset=utf-8" />
  <meta name='ocr-system' content='tesseract 3.04.00' />
  <meta name='ocr-capabilities' content='ocr_page ocr_carea ocr_par ocr_line ocrx_word'/>
</head>
<body>
  <div class='ocr_page' id='page_1' title='image "./demusaeigrammat00patzgoog_0010.png"; bbox 0 0 3150 4786; ppageno 0'>
   <div class='ocr_carea' id='block_1_1' title="bbox 695 389 885 448">
    <p class='ocr_par' dir='ltr' id='par_1_1' title="bbox 695 389 885 448">
     <span class='ocr_line' id='line_1_1' title="bbox 695 389 885 448; baseline -0.016 -12"><span class='ocrx_word' id='word_1_1' title='bbox 695 389 885 448; x_wconf 77' lang='lat'>..5-</span> 
     </span>
    </p>
   </div>
   <div class='ocr_carea' id='block_1_2' title="bbox 189 549 1408 3984">
    <p class='ocr_par' dir='ltr' id='par_1_2' title="bbox 200 549 1375 1754">
     <span class='ocr_line' id='line_1_2' title="bbox 206 549 1374 643; baseline 0.003 -25"><span class='ocrx_word' id='word_1_2' title='bbox 206 573 227 618; x_wconf 91' lang='lat' dir='ltr'>a</span> <span class='ocrx_word' id='word_1_3' title='bbox 241 550 406 620; x_wconf 86' lang='lat' dir='ltr'>Demetrio</span> <span class='ocrx_word' id='word_1_4' title='bbox 421 549 512 618; x_wconf 89' lang='lat' dir='ltr'>Luca</span> <span class='ocrx_word' id='word_1_5' title='bbox 528 551 693 636; x_wconf 86' lang='lat' dir='ltr'>(lompluti</span> <span class='ocrx_word' id='word_1_6' title='bbox 708 559 840 637; x_wconf 83' lang='lat' dir='ltr'>curata3</span> <span class='ocrx_word' id='word_1_7' title='bbox 854 576 884 621; x_wconf 86' lang='lat' dir='ltr'>a.</span> <span class='ocrx_word' id='word_1_8' title='bbox 903 557 982 620; x_wconf 86' lang='lat'>1515</span> <span class='ocrx_word' id='word_1_9' title='bbox 998 551 1136 622; x_wconf 89' lang='lat' dir='ltr'>Juntina</span> <span class='ocrx_word' id='word_1_10' title='bbox 1148 555 1264 640; x_wconf 85' lang='lat' dir='ltr'>prima,</span> <span class='ocrx_word' id='word_1_11' title='bbox 1280 558 1374 643; x_wconf 89' lang='lat' dir='ltr'>cujus</span> 
     </span>
     <span class='ocr_line' id='line_1_3' title="bbox 205 653 1374 739; baseline 0.003 -21"><span class='ocrx_word' id='word_1_12' title='bbox 205 675 270 718; x_wconf 90' lang='lat' dir='ltr'>non</span> <span class='ocrx_word' id='word_1_13' title='bbox 292 653 329 718; x_wconf 90' lang='lat' dir='ltr'>fit</span> <span class='ocrx_word' id='word_1_14' title='bbox 356 654 478 719; x_wconf 90' lang='lat' dir='ltr'>mentio</span> <span class='ocrx_word' id='word_1_15' title='bbox 507 653 541 718; x_wconf 90' lang='lat' dir='ltr'>in</span> <span class='ocrx_word' id='word_1_16' title='bbox 563 655 707 720; x_wconf 78' lang='lat' dir='ltr'>editione</span> <span class='ocrx_word' id='word_1_17' title='bbox 728 655 875 738; x_wconf 84' lang='lat' dir='ltr'>Roeveri,</span> <span class='ocrx_word' id='word_1_18' title='bbox 906 657 964 739; x_wconf 89' lang='lat' dir='ltr'>qui</span> <span class='ocrx_word' id='word_1_19' title='bbox 989 655 1130 737; x_wconf 91' lang='lat' dir='ltr'>primam</span> <span class='ocrx_word' id='word_1_20' title='bbox 1151 655 1322 724; x_wconf 86' lang='lat' dir='ltr'>Juntinam</span> <span class='ocrx_word' id='word_1_21' title='bbox 1345 681 1374 725; x_wconf 91' lang='lat' dir='ltr'>a.</span> 
     </span>
     <span class='ocr_line' id='line_1_4' title="bbox 207 755 1375 840; baseline 0.004 -20"><span class='ocrx_word' id='word_1_22' title='bbox 207 759 288 820; x_wconf 86' lang='lat'>1519</span> <span class='ocrx_word' id='word_1_23' title='bbox 308 756 394 836; x_wconf 85' lang='lat' dir='ltr'>juris</span> <span class='ocrx_word' id='word_1_24' title='bbox 421 756 546 838; x_wconf 82' lang='lat' dir='ltr'>publici</span> <span class='ocrx_word' id='word_1_25' title='bbox 576 756 699 822; x_wconf 88' lang='lat' dir='ltr'>factam</span> <span class='ocrx_word' id='word_1_26' title='bbox 723 756 920 840; x_wconf 84' lang='lat' dir='ltr'>significavit</span> <span class='ocrx_word' id='word_1_27' title='bbox 942 793 980 805; x_wconf 92' lang='lat'>—-</span> <span class='ocrx_word' id='word_1_28' title='bbox 1009 755 1094 821; x_wconf 84' lang='lat' dir='ltr'>duae</span> <span class='ocrx_word' id='word_1_29' title='bbox 1116 757 1203 824; x_wconf 86' lang='lat' dir='ltr'>enim</span> <span class='ocrx_word' id='word_1_30' title='bbox 1226 759 1312 825; x_wconf 87' lang='lat' dir='ltr'>alias</span> <span class='ocrx_word' id='word_1_31' title='bbox 1335 780 1375 824; x_wconf 86' lang='lat' dir='ltr'>ex</span> 
     </span>
     <span class='ocr_line' id='line_1_5' title="bbox 204 854 1374 942; baseline 0 -18"><span class='ocrx_word' id='word_1_32' title='bbox 204 858 320 924; x_wconf 87' lang='lat' dir='ltr'>eadem</span> <span class='ocrx_word' id='word_1_33' title='bbox 342 854 475 922; x_wconf 86' lang='lat' dir='ltr'>officina</span> <span class='ocrx_word' id='word_1_34' title='bbox 500 857 693 940; x_wconf 87' lang='lat' dir='ltr'>prodierunt</span> <span class='ocrx_word' id='word_1_35' title='bbox 717 879 744 923; x_wconf 87' lang='lat' dir='ltr'>a</span> <span class='ocrx_word' id='word_1_36' title='bbox 768 861 906 924; x_wconf 83' lang='grc'>151951</span> <span class='ocrx_word' id='word_1_37' title='bbox 930 861 1011 922; x_wconf 87' lang='grc'>1540</span> <span class='ocrx_word' id='word_1_38' title='bbox 1035 863 1068 922; x_wconf 88' lang='grc'>51</span> <span class='ocrx_word' id='word_1_39' title='bbox 1081 859 1247 942; x_wconf 86' lang='lat' dir='ltr'>excipiunt</span> <span class='ocrx_word' id='word_1_40' title='bbox 1266 860 1374 942; x_wconf 90' lang='lat' dir='ltr'>illam;</span> 
     </span>
     <span class='ocr_line' id='line_1_6' title="bbox 205 957 1374 1047; baseline 0.003 -23"><span class='ocrx_word' id='word_1_41' title='bbox 205 998 242 1008; x_wconf 91' lang='lat'><em>-</em></span> <span class='ocrx_word' id='word_1_42' title='bbox 274 960 427 1042; x_wconf 81' lang='lat' dir='ltr'>deinceps</span> <span class='ocrx_word' id='word_1_43' title='bbox 450 979 479 1023; x_wconf 92' lang='lat' dir='ltr'>a.</span> <span class='ocrx_word' id='word_1_44' title='bbox 505 963 585 1023; x_wconf 85' lang='lat'>1517</span> <span class='ocrx_word' id='word_1_45' title='bbox 609 957 727 1024; x_wconf 85' lang='lat' dir='ltr'>Aldina</span> <span class='ocrx_word' id='word_1_46' title='bbox 749 959 865 1041; x_wconf 90' lang='lat' dir='ltr'>altera,</span> <span class='ocrx_word' id='word_1_47' title='bbox 891 966 923 1024; x_wconf 90' lang='lat' dir='ltr'>ct</span> <span class='ocrx_word' id='word_1_48' title='bbox 945 958 1148 1026; x_wconf 74' lang='lat' dir='ltr'>coloniensis</span> <span class='ocrx_word' id='word_1_49' title='bbox 1162 961 1270 1047; x_wconf 88' lang='lat' dir='ltr'>prima</span> <span class='ocrx_word' id='word_1_50' title='bbox 1285 961 1374 1046; x_wconf 90' lang='lat' dir='ltr'>apud</span> 
     </span>
     <span class='ocr_line' id='line_1_7' title="bbox 203 1057 1371 1146; baseline 0.002 -20"><span class='ocrx_word' id='word_1_51' title='bbox 203 1060 405 1126; x_wconf 79' lang='lat' dir='ltr'>Eucherium</span> <span class='ocrx_word' id='word_1_52' title='bbox 427 1057 660 1123; x_wconf 84' lang='lat' dir='ltr'>(lervioornum</span> <span class='ocrx_word' id='word_1_53' title='bbox 682 1061 768 1146; x_wconf 83' lang='lat' dir='ltr'>typis</span> <span class='ocrx_word' id='word_1_54' title='bbox 791 1062 976 1144; x_wconf 82' lang='lat' dir='ltr'>descripta3</span> <span class='ocrx_word' id='word_1_55' title='bbox 1005 1082 1035 1128; x_wconf 91' lang='lat' dir='ltr'>a.</span> <span class='ocrx_word' id='word_1_56' title='bbox 1068 1066 1149 1130; x_wconf 88' lang='grc'>1518</span> <span class='ocrx_word' id='word_1_57' title='bbox 1171 1063 1371 1129; x_wconf 87' lang='lat' dir='ltr'>Basileensis</span> 
     </span>
     <span class='ocr_line' id='line_1_8' title="bbox 202 1160 1372 1246; baseline 0.003 -20"><span class='ocrx_word' id='word_1_58' title='bbox 202 1163 309 1246; x_wconf 87' lang='lat' dir='ltr'>prima</span> <span class='ocrx_word' id='word_1_59' title='bbox 331 1182 351 1226; x_wconf 95' lang='grc'>5</span> <span class='ocrx_word' id='word_1_60' title='bbox 372 1160 535 1226; x_wconf 87' lang='lat' dir='ltr'>Frobenio</span> <span class='ocrx_word' id='word_1_61' title='bbox 558 1164 683 1228; x_wconf 88' lang='lat' dir='ltr'>curata.</span> <span class='ocrx_word' id='word_1_62' title='bbox 727 1161 851 1240; x_wconf 83' lang='lat' dir='ltr'>Quibus</span> <span class='ocrx_word' id='word_1_63' title='bbox 879 1162 1008 1228; x_wconf 88' lang='lat' dir='ltr'>accedit</span> <span class='ocrx_word' id='word_1_64' title='bbox 1036 1163 1138 1229; x_wconf 90' lang='lat' dir='ltr'>editio</span> <span class='ocrx_word' id='word_1_65' title='bbox 1168 1185 1189 1230; x_wconf 85' lang='grc'>5</span> <span class='ocrx_word' id='word_1_66' title='bbox 1217 1165 1372 1231; x_wconf 79' lang='lat' dir='ltr'>Fabricio</span> 
     </span>
     <span class='ocr_line' id='line_1_9' title="bbox 202 1263 1371 1346; baseline 0.002 -18"><span class='ocrx_word' id='word_1_67' title='bbox 202 1284 268 1328; x_wconf 89' lang='lat' dir='ltr'>non</span> <span class='ocrx_word' id='word_1_68' title='bbox 292 1267 483 1342; x_wconf 84' lang='lat' dir='ltr'>memorata,</span> <span class='ocrx_word' id='word_1_69' title='bbox 516 1281 601 1345; x_wconf 89' lang='lat' dir='ltr'>quae</span> <span class='ocrx_word' id='word_1_70' title='bbox 625 1282 664 1326; x_wconf 88' lang='lat' dir='ltr'>ex</span> <span class='ocrx_word' id='word_1_71' title='bbox 693 1263 833 1330; x_wconf 90' lang='lat' dir='ltr'>aedibus</span> <span class='ocrx_word' id='word_1_72' title='bbox 855 1263 985 1346; x_wconf 83' lang='lat' dir='ltr'>Aegidii</span> <span class='ocrx_word' id='word_1_73' title='bbox 1014 1264 1205 1331; x_wconf 83' lang='lat' dir='ltr'>Gurmontis</span> <span class='ocrx_word' id='word_1_74' title='bbox 1233 1267 1371 1332; x_wconf 90' lang='lat' dir='ltr'>Parisiis</span> 
     </span>
     <span class='ocr_line' id='line_1_10' title="bbox 200 1361 1370 1450; baseline 0.003 -19"><span class='ocrx_word' id='word_1_75' title='bbox 200 1387 229 1432; x_wconf 88' lang='lat' dir='ltr'>a.</span> <span class='ocrx_word' id='word_1_76' title='bbox 248 1369 326 1430; x_wconf 92' lang='grc'>1507</span> <span class='ocrx_word' id='word_1_77' title='bbox 348 1361 473 1448; x_wconf 91' lang='lat' dir='ltr'>prodiit</span> <span class='ocrx_word' id='word_1_78' title='bbox 493 1368 592 1446; x_wconf 90' lang='lat' dir='ltr'>atque</span> <span class='ocrx_word' id='word_1_79' title='bbox 614 1384 770 1446; x_wconf 84' lang='lat' dir='ltr'>expressa</span> <span class='ocrx_word' id='word_1_80' title='bbox 791 1372 843 1431; x_wconf 87' lang='grc'>551</span> <span class='ocrx_word' id='word_1_81' title='bbox 857 1365 901 1429; x_wconf 94' lang='grc'>51</span> <span class='ocrx_word' id='word_1_82' title='bbox 915 1364 1069 1432; x_wconf 85' lang='lat' dir='ltr'>Aldinam</span> <span class='ocrx_word' id='word_1_83' title='bbox 1082 1369 1232 1450; x_wconf 85' lang='lat' dir='ltr'>primam</span> <span class='ocrx_word' id='word_1_84' title='bbox 1265 1366 1370 1444; x_wconf 82' lang='lat' dir='ltr'>Quae-</span> 
     </span>
     <span class='ocr_line' id='line_1_11' title="bbox 201 1465 1370 1550; baseline 0 -18"><span class='ocrx_word' id='word_1_85' title='bbox 201 1485 340 1548; x_wconf 89' lang='lat' dir='ltr'>cumque</span> <span class='ocrx_word' id='word_1_86' title='bbox 362 1465 448 1530; x_wconf 92' lang='lat' dir='ltr'>enim</span> <span class='ocrx_word' id='word_1_87' title='bbox 469 1465 558 1542; x_wconf 83' lang='lat' dir='ltr'>illius</span> <span class='ocrx_word' id='word_1_88' title='bbox 580 1466 681 1532; x_wconf 86' lang='lat' dir='ltr'>verba</span> <span class='ocrx_word' id='word_1_89' title='bbox 703 1466 868 1550; x_wconf 88' lang='lat' dir='ltr'>excipiunt</span> <span class='ocrx_word' id='word_1_90' title='bbox 888 1465 965 1531; x_wconf 91' lang='lat' dir='ltr'>inde</span> <span class='ocrx_word' id='word_1_91' title='bbox 995 1466 1093 1532; x_wconf 85' lang='lat' dir='ltr'>facile</span> <span class='ocrx_word' id='word_1_92' title='bbox 1117 1473 1370 1550; x_wconf 82' lang='lat' dir='ltr'>cognoscuntur,</span> 
     </span>
     <span class='ocr_line' id='line_1_12' title="bbox 200 1565 1369 1654; baseline 0.001 -21"><span class='ocrx_word' id='word_1_93' title='bbox 200 1568 288 1651; x_wconf 88' lang='lat' dir='ltr'>quod</span> <span class='ocrx_word' id='word_1_94' title='bbox 309 1589 337 1632; x_wconf 90' lang='grc'>5.</span> <span class='ocrx_word' id='word_1_95' title='bbox 358 1571 398 1630; x_wconf 87' lang='grc'>49</span> <span class='ocrx_word' id='word_1_96' title='bbox 422 1571 455 1630; x_wconf 88' lang='grc'>51</span> <span class='ocrx_word' id='word_1_97' title='bbox 479 1571 547 1648; x_wconf 86' lang='grc'>142,</span> <span class='ocrx_word' id='word_1_98' title='bbox 570 1566 683 1649; x_wconf 91' lang='lat' dir='ltr'>quiin</span> <span class='ocrx_word' id='word_1_99' title='bbox 705 1565 763 1631; x_wconf 90' lang='lat' dir='ltr'>illa</span> <span class='ocrx_word' id='word_1_100' title='bbox 786 1567 983 1649; x_wconf 87' lang='lat' dir='ltr'>exciderunt,</span> <span class='ocrx_word' id='word_1_101' title='bbox 1006 1568 1066 1634; x_wconf 89' lang='lat' dir='ltr'>sed</span> <span class='ocrx_word' id='word_1_102' title='bbox 1080 1568 1115 1632; x_wconf 90' lang='lat' dir='ltr'>in</span> <span class='ocrx_word' id='word_1_103' title='bbox 1134 1568 1287 1651; x_wconf 83' lang='lat' dir='ltr'>plagulae</span> <span class='ocrx_word' id='word_1_104' title='bbox 1301 1571 1369 1654; x_wconf 90' lang='lat' dir='ltr'>pri-</span> 
     </span>
     <span class='ocr_line' id='line_1_13' title="bbox 200 1667 1183 1754; baseline -0.002 -20"><span class='ocrx_word' id='word_1_105' title='bbox 200 1689 273 1736; x_wconf 87' lang='lat' dir='ltr'>mae</span> <span class='ocrx_word' id='word_1_106' title='bbox 294 1669 414 1754; x_wconf 90' lang='lat' dir='ltr'>pagina</span> <span class='ocrx_word' id='word_1_107' title='bbox 437 1667 545 1733; x_wconf 89' lang='lat' dir='ltr'>altera</span> <span class='ocrx_word' id='word_1_108' title='bbox 566 1668 673 1732; x_wconf 88' lang='lat' dir='ltr'>additi</span> <span class='ocrx_word' id='word_1_109' title='bbox 695 1675 780 1750; x_wconf 91' lang='lat' dir='ltr'>sunt,</span> <span class='ocrx_word' id='word_1_110' title='bbox 808 1669 939 1734; x_wconf 91' lang='lat' dir='ltr'>omnino</span> <span class='ocrx_word' id='word_1_111' title='bbox 962 1669 1076 1734; x_wconf 89' lang='lat' dir='ltr'>omissi</span> <span class='ocrx_word' id='word_1_112' title='bbox 1099 1674 1183 1734; x_wconf 90' lang='lat' dir='ltr'>sunt.</span> 
     </span>
    </p>

    <p class='ocr_par' dir='ltr' id='par_1_3' title="bbox 193 1770 1408 3171">
     <span class='ocr_line' id='line_1_14' title="bbox 283 1770 1369 1854; baseline 0.002 -20"><span class='ocrx_word' id='word_1_113' title='bbox 283 1770 435 1835; x_wconf 88' lang='lat' dir='ltr'>Omnium</span> <span class='ocrx_word' id='word_1_114' title='bbox 455 1771 574 1835; x_wconf 89' lang='lat' dir='ltr'>harum</span> <span class='ocrx_word' id='word_1_115' title='bbox 596 1771 777 1834; x_wconf 85' lang='lat' dir='ltr'>editionum</span> <span class='ocrx_word' id='word_1_116' title='bbox 797 1771 1013 1854; x_wconf 82' lang='lat' dir='ltr'>propaginem</span> <span class='ocrx_word' id='word_1_117' title='bbox 1034 1770 1258 1854; x_wconf 84' lang='lat' dir='ltr'>familiamque</span> <span class='ocrx_word' id='word_1_118' title='bbox 1283 1771 1369 1838; x_wconf 90' lang='lat' dir='ltr'>hanc</span> 
     </span>
     <span class='ocr_line' id='line_1_15' title="bbox 199 1871 1367 1954; baseline 0.001 -17"><span class='ocrx_word' id='word_1_119' title='bbox 199 1893 274 1937; x_wconf 90' lang='grc'>5555</span> <span class='ocrx_word' id='word_1_120' title='bbox 297 1872 485 1953; x_wconf 87' lang='lat' dir='ltr'>suspicatus</span> <span class='ocrx_word' id='word_1_121' title='bbox 508 1877 560 1936; x_wconf 91' lang='lat' dir='ltr'>est</span> <span class='ocrx_word' id='word_1_122' title='bbox 580 1871 766 1950; x_wconf 75' lang='grc'>1515515155,</span> <span class='ocrx_word' id='word_1_123' title='bbox 794 1872 886 1952; x_wconf 90' lang='lat' dir='ltr'>cujus</span> <span class='ocrx_word' id='word_1_124' title='bbox 909 1871 983 1954; x_wconf 91' lang='lat' dir='ltr'>ipsa</span> <span class='ocrx_word' id='word_1_125' title='bbox 1004 1871 1083 1936; x_wconf 91' lang='grc'>11551</span> <span class='ocrx_word' id='word_1_126' title='bbox 1104 1871 1236 1938; x_wconf 86' lang='lat' dir='ltr'>adferre</span> <span class='ocrx_word' id='word_1_127' title='bbox 1257 1871 1367 1939; x_wconf 85' lang='lat' dir='ltr'>verba.</span> 
     </span>
     <span class='ocr_line' id='line_1_16' title="bbox 197 1971 1368 2058; baseline 0 -20"><span class='ocrx_word' id='word_1_128' title='bbox 197 1972 333 2054; x_wconf 83' lang='lat' dir='ltr'>„Aldina</span> <span class='ocrx_word' id='word_1_129' title='bbox 353 1973 462 2055; x_wconf 87' lang='lat' dir='ltr'>prima</span> <span class='ocrx_word' id='word_1_130' title='bbox 483 1974 599 2058; x_wconf 89' lang='lat' dir='ltr'>inquit,</span> <span class='ocrx_word' id='word_1_131' title='bbox 621 1972 693 2037; x_wconf 87' lang='lat' dir='ltr'>fons</span> <span class='ocrx_word' id='word_1_132' title='bbox 715 1971 778 2036; x_wconf 92' lang='grc'>1511</span> <span class='ocrx_word' id='word_1_133' title='bbox 799 1973 1012 2055; x_wconf 88' lang='lat' dir='ltr'>antiquarum</span> <span class='ocrx_word' id='word_1_134' title='bbox 1025 1972 1226 2038; x_wconf 81' lang='lat' dir='ltr'>Venetorum</span> <span class='ocrx_word' id='word_1_135' title='bbox 1241 1980 1274 2040; x_wconf 90' lang='grc'>51</span> <span class='ocrx_word' id='word_1_136' title='bbox 1287 1972 1368 2039; x_wconf 89' lang='lat' dir='ltr'>Jun-</span> 
     </span>
     <span class='ocr_line' id='line_1_17' title="bbox 196 2073 1367 2158; baseline 0.002 -20"><span class='ocrx_word' id='word_1_137' title='bbox 196 2073 356 2154; x_wconf 90' lang='lat' dir='ltr'>tinarum;</span> <span class='ocrx_word' id='word_1_138' title='bbox 387 2095 427 2140; x_wconf 86' lang='lat' dir='ltr'>ex</span> <span class='ocrx_word' id='word_1_139' title='bbox 455 2075 561 2140; x_wconf 88' lang='lat' dir='ltr'>altera</span> <span class='ocrx_word' id='word_1_140' title='bbox 590 2074 658 2139; x_wconf 89' lang='lat' dir='ltr'>sive</span> <span class='ocrx_word' id='word_1_141' title='bbox 684 2073 867 2138; x_wconf 90' lang='lat' dir='ltr'>Lasoarina</span> <span class='ocrx_word' id='word_1_142' title='bbox 898 2073 1031 2140; x_wconf 85' lang='lat' dir='ltr'>fluxisse</span> <span class='ocrx_word' id='word_1_143' title='bbox 1057 2073 1187 2140; x_wconf 81' lang='lat' dir='ltr'>videtur</span> <span class='ocrx_word' id='word_1_144' title='bbox 1215 2073 1367 2158; x_wconf 77' lang='lat' dir='ltr'>Complu-</span> 
     </span>
     <span class='ocr_line' id='line_1_18' title="bbox 195 2175 1366 2258; baseline 0.001 -19"><span class='ocrx_word' id='word_1_145' title='bbox 195 2175 300 2254; x_wconf 79' lang='lat' dir='ltr'>tensis</span> <span class='ocrx_word' id='word_1_146' title='bbox 334 2176 433 2258; x_wconf 84' lang='lat' dir='ltr'>[quod</span> <span class='ocrx_word' id='word_1_147' title='bbox 461 2177 512 2240; x_wconf 88' lang='grc'>551</span> <span class='ocrx_word' id='word_1_148' title='bbox 534 2175 689 2242; x_wconf 88' lang='grc'>15555515</span> <span class='ocrx_word' id='word_1_149' title='bbox 717 2175 847 2241; x_wconf 89' lang='grc'>5511555</span> <span class='ocrx_word' id='word_1_150' title='bbox 875 2197 952 2240; x_wconf 87' lang='lat' dir='ltr'>mss.</span> <span class='ocrx_word' id='word_1_151' title='bbox 983 2177 1018 2240; x_wconf 92' lang='lat' dir='ltr'>in</span> <span class='ocrx_word' id='word_1_152' title='bbox 1039 2177 1165 2258; x_wconf 86' lang='lat' dir='ltr'>regiam</span> <span class='ocrx_word' id='word_1_153' title='bbox 1190 2175 1366 2241; x_wconf 92' lang='lat' dir='ltr'>bibliothe-</span> 
     </span>
     <span class='ocr_line' id='line_1_19' title="bbox 197 2275 1366 2362; baseline 0 -22"><span class='ocrx_word' id='word_1_154' title='bbox 197 2297 270 2340; x_wconf 93' lang='lat' dir='ltr'>cam</span> <span class='ocrx_word' id='word_1_155' title='bbox 290 2275 517 2342; x_wconf 87' lang='lat' dir='ltr'>Matritensem</span> <span class='ocrx_word' id='word_1_156' title='bbox 549 2277 705 2344; x_wconf 74' lang='lat' dir='ltr'>translati</span> <span class='ocrx_word' id='word_1_157' title='bbox 737 2281 813 2341; x_wconf 93' lang='lat' dir='ltr'>sunt</span> <span class='ocrx_word' id='word_1_158' title='bbox 840 2277 892 2342; x_wconf 88' lang='grc'>551</span> <span class='ocrx_word' id='word_1_159' title='bbox 918 2277 1076 2362; x_wconf 88' lang='lat' dir='ltr'>Hispanis</span> <span class='ocrx_word' id='word_1_160' title='bbox 1104 2276 1287 2342; x_wconf 90' lang='lat' dir='ltr'>Lasearina</span> <span class='ocrx_word' id='word_1_161' title='bbox 1315 2277 1366 2342; x_wconf 90' lang='lat' dir='ltr'>ed.</span> 
     </span>
     <span class='ocr_line' id='line_1_20' title="bbox 195 2377 1367 2463; baseline 0.001 -22"><span class='ocrx_word' id='word_1_162' title='bbox 195 2377 304 2442; x_wconf 89' lang='lat' dir='ltr'>notior</span> <span class='ocrx_word' id='word_1_163' title='bbox 330 2377 430 2442; x_wconf 88' lang='grc'>155511</span> <span class='ocrx_word' id='word_1_164' title='bbox 459 2399 558 2461; x_wconf 88' lang='lat' dir='ltr'>quam</span> <span class='ocrx_word' id='word_1_165' title='bbox 579 2379 710 2462; x_wconf 87' lang='lat' dir='ltr'>Aldina]</span> <span class='ocrx_word' id='word_1_166' title='bbox 745 2384 777 2443; x_wconf 92' lang='lat' dir='ltr'>et</span> <span class='ocrx_word' id='word_1_167' title='bbox 805 2399 844 2443; x_wconf 90' lang='grc'>55</span> <span class='ocrx_word' id='word_1_168' title='bbox 871 2379 929 2444; x_wconf 89' lang='lat' dir='ltr'>illa</span> <span class='ocrx_word' id='word_1_169' title='bbox 952 2377 1301 2463; x_wconf 80' lang='grc'>05155155515551555,</span> <span class='ocrx_word' id='word_1_170' title='bbox 1324 2399 1367 2456; x_wconf 85' lang='lat' dir='ltr'>ex</span> 
     </span>
     <span class='ocr_line' id='line_1_21' title="bbox 195 2478 1366 2564; baseline 0.002 -22"><span class='ocrx_word' id='word_1_171' title='bbox 195 2479 258 2543; x_wconf 89' lang='lat' dir='ltr'>hac</span> <span class='ocrx_word' id='word_1_172' title='bbox 280 2478 480 2544; x_wconf 88' lang='lat' dir='ltr'>Basileensis</span> <span class='ocrx_word' id='word_1_173' title='bbox 502 2480 618 2564; x_wconf 86' lang='lat' dir='ltr'>prima,</span> <span class='ocrx_word' id='word_1_174' title='bbox 649 2481 744 2564; x_wconf 89' lang='lat' dir='ltr'>cujus</span> <span class='ocrx_word' id='word_1_175' title='bbox 766 2478 853 2544; x_wconf 88' lang='lat' dir='ltr'>filiae</span> <span class='ocrx_word' id='word_1_176' title='bbox 875 2481 985 2545; x_wconf 87' lang='grc'>155155</span> <span class='ocrx_word' id='word_1_177' title='bbox 1014 2479 1269 2562; x_wconf 86' lang='grc'>555155115555,</span> <span class='ocrx_word' id='word_1_178' title='bbox 1301 2480 1366 2544; x_wconf 87' lang='grc'>551-</span> 
     </span>
     <span class='ocr_line' id='line_1_22' title="bbox 194 2579 1364 2664; baseline 0.001 -21"><span class='ocrx_word' id='word_1_179' title='bbox 194 2584 260 2644; x_wconf 88' lang='lat' dir='ltr'>tem</span> <span class='ocrx_word' id='word_1_180' title='bbox 274 2579 386 2662; x_wconf 90' lang='lat' dir='ltr'>plures</span> <span class='ocrx_word' id='word_1_181' title='bbox 397 2581 605 2646; x_wconf 90' lang='lat' dir='ltr'>Basileenses</span> <span class='ocrx_word' id='word_1_182' title='bbox 618 2581 826 2664; x_wconf 91' lang='lat' dir='ltr'>quorundum</span> <span class='ocrx_word' id='word_1_183' title='bbox 838 2581 1000 2646; x_wconf 90' lang='lat' dir='ltr'>minorum</span> <span class='ocrx_word' id='word_1_184' title='bbox 1013 2585 1186 2664; x_wconf 90' lang='lat' dir='ltr'>poetarum</span> <span class='ocrx_word' id='word_1_185' title='bbox 1199 2581 1364 2646; x_wconf 90' lang='lat' dir='ltr'>collectio·</span> 
     </span>
     <span class='ocr_line' id='line_1_23' title="bbox 193 2681 1408 2767; baseline 0.007 -23"><span class='ocrx_word' id='word_1_186' title='bbox 193 2701 265 2762; x_wconf 87' lang='grc'>555,</span> <span class='ocrx_word' id='word_1_187' title='bbox 301 2701 385 2764; x_wconf 89' lang='grc'>5555</span> <span class='ocrx_word' id='word_1_188' title='bbox 413 2681 533 2747; x_wconf 88' lang='grc'>1555115</span> <span class='ocrx_word' id='word_1_189' title='bbox 561 2688 594 2746; x_wconf 88' lang='grc'>51</span> <span class='ocrx_word' id='word_1_190' title='bbox 621 2681 781 2746; x_wconf 89' lang='lat' dir='ltr'>tarditate</span> <span class='ocrx_word' id='word_1_191' title='bbox 809 2682 1056 2767; x_wconf 88' lang='lat' dir='ltr'>typothetarum</span> <span class='ocrx_word' id='word_1_192' title='bbox 1082 2685 1116 2746; x_wconf 89' lang='lat' dir='ltr'>in</span> <span class='ocrx_word' id='word_1_193' title='bbox 1137 2683 1267 2748; x_wconf 87' lang='lat' dir='ltr'>Musaei</span> <span class='ocrx_word' id='word_1_194' title='bbox 1288 2703 1364 2748; x_wconf 92' lang='lat' dir='ltr'>eon·</span> <span class='ocrx_word' id='word_1_195' title='bbox 1405 2747 1408 2752; x_wconf 88' lang='lat'>.</span> 
     </span>
     <span class='ocr_line' id='line_1_24' title="bbox 193 2781 1363 2866; baseline 0 -19"><span class='ocrx_word' id='word_1_196' title='bbox 193 2787 286 2847; x_wconf 85' lang='lat' dir='ltr'>textu</span> <span class='ocrx_word' id='word_1_197' title='bbox 319 2783 519 2866; x_wconf 88' lang='lat' dir='ltr'>depravatae</span> <span class='ocrx_word' id='word_1_198' title='bbox 550 2783 727 2864; x_wconf 89' lang='lat' dir='ltr'>multisque</span> <span class='ocrx_word' id='word_1_199' title='bbox 760 2781 844 2848; x_wconf 87' lang='lat' dir='ltr'>loeis</span> <span class='ocrx_word' id='word_1_200' title='bbox 871 2789 1046 2866; x_wconf 89' lang='lat' dir='ltr'>corruptae</span> <span class='ocrx_word' id='word_1_201' title='bbox 1082 2788 1139 2848; x_wconf 87' lang='lat' dir='ltr'>aut</span> <span class='ocrx_word' id='word_1_202' title='bbox 1165 2783 1363 2850; x_wconf 88' lang='lat' dir='ltr'>lectionibus</span> 
     </span>
     <span class='ocr_line' id='line_1_25' title="bbox 193 2883 1363 2967; baseline 0.002 -19"><span class='ocrx_word' id='word_1_203' title='bbox 193 2884 322 2949; x_wconf 83' lang='lat' dir='ltr'>Aldinis</span> <span class='ocrx_word' id='word_1_204' title='bbox 336 2884 527 2966; x_wconf 89' lang='lat' dir='ltr'>inquinatae</span> <span class='ocrx_word' id='word_1_205' title='bbox 551 2891 637 2950; x_wconf 90' lang='grc'>5551.</span> <span class='ocrx_word' id='word_1_206' title='bbox 673 2883 723 2947; x_wconf 88' lang='grc' dir='ltr'>Ε5</span> <span class='ocrx_word' id='word_1_207' title='bbox 743 2883 926 2949; x_wconf 85' lang='grc' dir='ltr'>Β551155551</span> <span class='ocrx_word' id='word_1_208' title='bbox 940 2884 1049 2967; x_wconf 88' lang='lat' dir='ltr'>prima</span> <span class='ocrx_word' id='word_1_209' title='bbox 1065 2890 1123 2951; x_wconf 90' lang='grc'>551</span> <span class='ocrx_word' id='word_1_210' title='bbox 1137 2885 1205 2950; x_wconf 90' lang='lat' dir='ltr'>alia</span> <span class='ocrx_word' id='word_1_211' title='bbox 1220 2884 1363 2965; x_wconf 89' lang='lat' dir='ltr'>meliore,</span> 
     </span>
     <span class='ocr_line' id='line_1_26' title="bbox 193 2984 1364 3070; baseline 0 -20"><span class='ocrx_word' id='word_1_212' title='bbox 193 3007 278 3070; x_wconf 91' lang='lat' dir='ltr'>quae</span> <span class='ocrx_word' id='word_1_213' title='bbox 300 2987 345 3051; x_wconf 93' lang='grc'>51</span> <span class='ocrx_word' id='word_1_214' title='bbox 365 2984 590 3050; x_wconf 87' lang='lat' dir='ltr'>recensionem</span> <span class='ocrx_word' id='word_1_215' title='bbox 604 2985 819 3052; x_wconf 87' lang='lat' dir='ltr'>Lasoarinam</span> <span class='ocrx_word' id='word_1_216' title='bbox 834 2987 1092 3070; x_wconf 85' lang='lat' dir='ltr'>quamproxime</span> <span class='ocrx_word' id='word_1_217' title='bbox 1107 2987 1260 3069; x_wconf 89' lang='grc'>55555511,</span> <span class='ocrx_word' id='word_1_218' title='bbox 1273 2986 1364 3051; x_wconf 88' lang='grc'>15515</span> 
     </span>
     <span class='ocr_line' id='line_1_27' title="bbox 193 3085 569 3171; baseline -0.011 -17"><span class='ocrx_word' id='word_1_219' title='bbox 193 3088 297 3154; x_wconf 89' lang='grc'>155511</span> <span class='ocrx_word' id='word_1_220' title='bbox 319 3085 569 3171; x_wconf 87' lang='lat' dir='ltr'>Stephaniana.”</span> 
     </span>
    </p>

    <p class='ocr_par' dir='ltr' id='par_1_4' title="bbox 189 3186 1362 3984">
     <span class='ocr_line' id='line_1_28' title="bbox 277 3186 1362 3272; baseline -0.002 -18"><span class='ocrx_word' id='word_1_221' title='bbox 277 3189 406 3272; x_wconf 87' lang='lat' dir='ltr'>Ingenti</span> <span class='ocrx_word' id='word_1_222' title='bbox 436 3192 487 3253; x_wconf 86' lang='lat' dir='ltr'>est</span> <span class='ocrx_word' id='word_1_223' title='bbox 510 3195 621 3253; x_wconf 90' lang='lat' dir='ltr'>autem</span> <span class='ocrx_word' id='word_1_224' title='bbox 642 3207 753 3254; x_wconf 90' lang='lat' dir='ltr'>errore</span> <span class='ocrx_word' id='word_1_225' title='bbox 776 3193 892 3271; x_wconf 90' lang='lat' dir='ltr'>captus</span> <span class='ocrx_word' id='word_1_226' title='bbox 914 3187 1087 3254; x_wconf 89' lang='lat' dir='ltr'>Harlesius</span> <span class='ocrx_word' id='word_1_227' title='bbox 1116 3186 1362 3254; x_wconf 87' lang='lat' dir='ltr'>cruditissimus</span> 
     </span>
     <span class='ocr_line' id='line_1_29' title="bbox 191 3285 1361 3373; baseline -0.004 -16"><span class='ocrx_word' id='word_1_228' title='bbox 191 3327 235 3342; x_wconf 90' lang='lat'><em>-</em></span> <span class='ocrx_word' id='word_1_229' title='bbox 257 3291 327 3373; x_wconf 88' lang='lat' dir='ltr'>ejus</span> <span class='ocrx_word' id='word_1_230' title='bbox 350 3291 437 3356; x_wconf 91' lang='lat' dir='ltr'>enim</span> <span class='ocrx_word' id='word_1_231' title='bbox 459 3295 535 3355; x_wconf 89' lang='lat' dir='ltr'>sunt</span> <span class='ocrx_word' id='word_1_232' title='bbox 556 3289 656 3356; x_wconf 89' lang='lat' dir='ltr'>verba</span> <span class='ocrx_word' id='word_1_233' title='bbox 677 3289 736 3354; x_wconf 90' lang='lat' dir='ltr'>illa</span> <span class='ocrx_word' id='word_1_234' title='bbox 757 3289 852 3354; x_wconf 88' lang='lat' dir='ltr'>uncis</span> <span class='ocrx_word' id='word_1_235' title='bbox 873 3290 1003 3356; x_wconf 90' lang='lat' dir='ltr'>inclusa</span> <span class='ocrx_word' id='word_1_236' title='bbox 1025 3327 1079 3372; x_wconf 94' lang='lat'>-‚</span> <span class='ocrx_word' id='word_1_237' title='bbox 1101 3290 1159 3372; x_wconf 90' lang='lat' dir='ltr'>qui</span> <span class='ocrx_word' id='word_1_238' title='bbox 1180 3289 1259 3373; x_wconf 92' lang='lat' dir='ltr'>quia</span> <span class='ocrx_word' id='word_1_239' title='bbox 1279 3285 1361 3353; x_wconf 90' lang='grc'>155-</span> 
     </span>
     <span class='ocr_line' id='line_1_30' title="bbox 192 3389 1361 3474; baseline -0.003 -16"><span class='ocrx_word' id='word_1_240' title='bbox 192 3393 279 3458; x_wconf 86' lang='grc'>55515</span> <span class='ocrx_word' id='word_1_241' title='bbox 302 3392 560 3459; x_wconf 85' lang='lat' dir='ltr'>bibliothecam</span> <span class='ocrx_word' id='word_1_242' title='bbox 580 3391 775 3474; x_wconf 89' lang='lat' dir='ltr'>Hispaniam</span> <span class='ocrx_word' id='word_1_243' title='bbox 797 3390 962 3457; x_wconf 86' lang='lat' dir='ltr'>translata</span> <span class='ocrx_word' id='word_1_244' title='bbox 989 3397 1078 3456; x_wconf 89' lang='grc'>55551</span> <span class='ocrx_word' id='word_1_245' title='bbox 1098 3389 1361 3474; x_wconf 68' lang='lat' dir='ltr'>complutensem</span> 
     </span>
     <span class='ocr_line' id='line_1_31' title="bbox 192 3491 1361 3575; baseline -0.004 -15"><span class='ocrx_word' id='word_1_246' title='bbox 192 3494 412 3560; x_wconf 86' lang='lat' dir='ltr'>eLascarina</span> <span class='ocrx_word' id='word_1_247' title='bbox 433 3491 567 3558; x_wconf 87' lang='lat' dir='ltr'>fluxisse</span> <span class='ocrx_word' id='word_1_248' title='bbox 590 3492 798 3558; x_wconf 85' lang='lat' dir='ltr'>existimavit</span> <span class='ocrx_word' id='word_1_249' title='bbox 832 3491 988 3561; x_wconf 88' lang='grc'>15555515</span> <span class='ocrx_word' id='word_1_250' title='bbox 1011 3492 1097 3558; x_wconf 91' lang='lat' dir='ltr'>enim</span> <span class='ocrx_word' id='word_1_251' title='bbox 1118 3491 1183 3573; x_wconf 91' lang='lat' dir='ltr'>ille,</span> <span class='ocrx_word' id='word_1_252' title='bbox 1211 3493 1268 3575; x_wconf 90' lang='lat' dir='ltr'>qui</span> <span class='ocrx_word' id='word_1_253' title='bbox 1290 3491 1361 3556; x_wconf 92' lang='grc' dir='ltr'>Μ5-</span> 
     </span>
     <span class='ocr_line' id='line_1_32' title="bbox 192 3589 1360 3678; baseline -0.004 -18"><span class='ocrx_word' id='word_1_254' title='bbox 192 3595 262 3660; x_wconf 87' lang='lat' dir='ltr'>saei</span> <span class='ocrx_word' id='word_1_255' title='bbox 291 3595 429 3660; x_wconf 91' lang='lat' dir='ltr'>editioni</span> <span class='ocrx_word' id='word_1_256' title='bbox 458 3596 555 3660; x_wconf 89' lang='lat' dir='ltr'>alteri</span> <span class='ocrx_word' id='word_1_257' title='bbox 578 3594 744 3660; x_wconf 90' lang='lat' dir='ltr'>curandae</span> <span class='ocrx_word' id='word_1_258' title='bbox 765 3594 950 3678; x_wconf 87' lang='lat' dir='ltr'>praefuisse</span> <span class='ocrx_word' id='word_1_259' title='bbox 971 3599 1122 3678; x_wconf 88' lang='lat' dir='ltr'>putatur,</span> <span class='ocrx_word' id='word_1_260' title='bbox 1145 3589 1360 3656; x_wconf 82' lang='grc'>5511555555</span> 
     </span>
     <span class='ocr_line' id='line_1_33' title="bbox 189 3683 1361 3782; baseline -0.002 -20"><span class='ocrx_word' id='word_1_261' title='bbox 189 3697 344 3762; x_wconf 89' lang='lat' dir='ltr'>Lascaris</span> <span class='ocrx_word' id='word_1_262' title='bbox 367 3683 617 3782; x_wconf 85' lang='lat' dir='ltr'>Rhyndacenus‚</span> <span class='ocrx_word' id='word_1_263' title='bbox 639 3717 737 3778; x_wconf 89' lang='lat' dir='ltr'>quem</span> <span class='ocrx_word' id='word_1_264' title='bbox 752 3695 855 3760; x_wconf 88' lang='lat' dir='ltr'>Lilius</span> <span class='ocrx_word' id='word_1_265' title='bbox 872 3695 1034 3778; x_wconf 84' lang='lat' dir='ltr'>Gyraldus</span> <span class='ocrx_word' id='word_1_266' title='bbox 1049 3693 1203 3778; x_wconf 90' lang='lat' dir='ltr'>inprime</span> <span class='ocrx_word' id='word_1_267' title='bbox 1219 3692 1361 3774; x_wconf 69' lang='grc'>1151555,</span> 
     </span>
     <span class='ocr_line' id='line_1_34' title="bbox 191 3794 1360 3882; baseline -0.003 -20"><span class='ocrx_word' id='word_1_268' title='bbox 191 3819 288 3882; x_wconf 91' lang='lat' dir='ltr'>quem</span> <span class='ocrx_word' id='word_1_269' title='bbox 315 3797 355 3861; x_wconf 91' lang='grc'>15</span> <span class='ocrx_word' id='word_1_270' title='bbox 385 3817 519 3862; x_wconf 89' lang='lat' dir='ltr'>suorum</span> <span class='ocrx_word' id='word_1_271' title='bbox 547 3803 731 3881; x_wconf 90' lang='lat' dir='ltr'>temporum</span> <span class='ocrx_word' id='word_1_272' title='bbox 757 3796 864 3878; x_wconf 88' lang='lat' dir='ltr'>poetis</span> <span class='ocrx_word' id='word_1_273' title='bbox 888 3797 1030 3878; x_wconf 83' lang='lat' dir='ltr'>scripsit,</span> <span class='ocrx_word' id='word_1_274' title='bbox 1059 3815 1125 3860; x_wconf 94' lang='lat' dir='ltr'>non</span> <span class='ocrx_word' id='word_1_275' title='bbox 1145 3794 1248 3858; x_wconf 91' lang='lat' dir='ltr'>multo</span> <span class='ocrx_word' id='word_1_276' title='bbox 1270 3797 1360 3877; x_wconf 88' lang='lat' dir='ltr'>post-</span> 
     </span>
     <span class='ocr_line' id='line_1_35' title="bbox 191 3894 1360 3984; baseline -0.003 -21"><span class='ocrx_word' id='word_1_277' title='bbox 191 3919 291 3982; x_wconf 87' lang='lat' dir='ltr'>quem</span> <span class='ocrx_word' id='word_1_278' title='bbox 318 3899 440 3963; x_wconf 89' lang='lat' dir='ltr'>Paulus</span> <span class='ocrx_word' id='word_1_279' title='bbox 468 3898 566 3984; x_wconf 91' lang='lat' dir='ltr'>hujus</span> <span class='ocrx_word' id='word_1_280' title='bbox 592 3899 732 3963; x_wconf 91' lang='lat' dir='ltr'>nominis</span> <span class='ocrx_word' id='word_1_281' title='bbox 759 3897 877 3962; x_wconf 86' lang='lat' dir='ltr'>tertius</span> <span class='ocrx_word' id='word_1_282' title='bbox 912 3896 995 3962; x_wconf 91' lang='lat' dir='ltr'>obiit</span> <span class='ocrx_word' id='word_1_283' title='bbox 1026 3895 1262 3980; x_wconf 90' lang='lat' dir='ltr'>pontificatum,</span> <span class='ocrx_word' id='word_1_284' title='bbox 1290 3894 1360 3960; x_wconf 89' lang='lat' dir='ltr'>vita</span> 
     </span>
    </p>
   </div>
   <div class='ocr_carea' id='block_1_3' title="bbox 190 3994 1359 4288">
    <p class='ocr_par' dir='ltr' id='par_1_5' title="bbox 190 3994 1359 4288">
     <span class='ocr_line' id='line_1_36' title="bbox 191 3994 1357 4081; baseline -0.005 -15"><span class='ocrx_word' id='word_1_285' title='bbox 191 3999 375 4079; x_wconf 85' lang='lat' dir='ltr'>decessisse</span> <span class='ocrx_word' id='word_1_286' title='bbox 402 4005 527 4064; x_wconf 88' lang='lat' dir='ltr'>narrat.</span> <span class='ocrx_word' id='word_1_287' title='bbox 563 4000 686 4066; x_wconf 88' lang='lat' dir='ltr'>Paulus</span> <span class='ocrx_word' id='word_1_288' title='bbox 714 4004 824 4065; x_wconf 90' lang='lat' dir='ltr'>autem</span> <span class='ocrx_word' id='word_1_289' title='bbox 852 3999 967 4064; x_wconf 89' lang='grc'>551555</span> <span class='ocrx_word' id='word_1_290' title='bbox 1000 3999 1107 4081; x_wconf 91' lang='lat' dir='ltr'>coepit</span> <span class='ocrx_word' id='word_1_291' title='bbox 1127 4019 1156 4064; x_wconf 90' lang='lat' dir='ltr'>a.</span> <span class='ocrx_word' id='word_1_292' title='bbox 1180 3997 1211 4061; x_wconf 92' lang='grc'>1.</span> <span class='ocrx_word' id='word_1_293' title='bbox 1233 3994 1283 4060; x_wconf 89' lang='grc' dir='ltr'>ΠΙ</span> <span class='ocrx_word' id='word_1_294' title='bbox 1309 3995 1357 4061; x_wconf 94' lang='lat' dir='ltr'>Id.</span> 
     </span>
     <span class='ocr_line' id='line_1_37' title="bbox 190 4098 1359 4186; baseline -0.003 -20"><span class='ocrx_word' id='word_1_295' title='bbox 190 4101 260 4166; x_wconf 83' lang='grc'>051</span> <span class='ocrx_word' id='word_1_296' title='bbox 290 4122 318 4166; x_wconf 89' lang='grc'>5.</span> <span class='ocrx_word' id='word_1_297' title='bbox 350 4106 432 4167; x_wconf 90' lang='grc'>1534</span> <span class='ocrx_word' id='word_1_298' title='bbox 459 4101 513 4186; x_wconf 87' lang='grc'>(51.</span> <span class='ocrx_word' id='word_1_299' title='bbox 539 4101 708 4166; x_wconf 87' lang='grc' dir='ltr'>Μ51115155</span> <span class='ocrx_word' id='word_1_300' title='bbox 735 4100 756 4165; x_wconf 94' lang='grc'>1.</span> <span class='ocrx_word' id='word_1_301' title='bbox 778 4100 800 4166; x_wconf 89' lang='lat' dir='ltr'>l.</span> <span class='ocrx_word' id='word_1_302' title='bbox 829 4101 854 4166; x_wconf 91' lang='lat'>1.</span> <span class='ocrx_word' id='word_1_303' title='bbox 880 4121 911 4183; x_wconf 88' lang='lat' dir='ltr'>p.</span> <span class='ocrx_word' id='word_1_304' title='bbox 941 4103 1001 4165; x_wconf 93' lang='grc'>107</span> <span class='ocrx_word' id='word_1_305' title='bbox 1030 4100 1105 4166; x_wconf 89' lang='lat' dir='ltr'>adn.</span> <span class='ocrx_word' id='word_1_306' title='bbox 1130 4100 1171 4183; x_wconf 93' lang='lat'>1).</span> <span class='ocrx_word' id='word_1_307' title='bbox 1221 4098 1359 4164; x_wconf 89' lang='lat' dir='ltr'>Praeter</span> 
     </span>
     <span class='ocr_line' id='line_1_38' title="bbox 191 4200 1358 4288; baseline -0.002 -20"><span class='ocrx_word' id='word_1_308' title='bbox 191 4223 265 4268; x_wconf 89' lang='lat' dir='ltr'>eum</span> <span class='ocrx_word' id='word_1_309' title='bbox 287 4203 372 4270; x_wconf 89' lang='lat' dir='ltr'>alter</span> <span class='ocrx_word' id='word_1_310' title='bbox 393 4203 456 4269; x_wconf 91' lang='grc'>1511</span> <span class='ocrx_word' id='word_1_311' title='bbox 478 4203 712 4270; x_wconf 87' lang='lat' dir='ltr'>Constantinus</span> <span class='ocrx_word' id='word_1_312' title='bbox 734 4201 891 4268; x_wconf 89' lang='grc'>15555515</span> <span class='ocrx_word' id='word_1_313' title='bbox 905 4200 1092 4288; x_wconf 83' lang='lat' dir='ltr'>Byzantius,</span> <span class='ocrx_word' id='word_1_314' title='bbox 1114 4201 1358 4273; x_wconf 87' lang='lat' dir='ltr'>institutionum</span> 
     </span>
    </p>
   </div>
   <div class='ocr_carea' id='block_1_4' title="bbox 0 0 1580 4786">
    <p class='ocr_par' dir='ltr' id='par_1_6' title="bbox 0 0 1580 4786">
     <span class='ocr_line' id='line_1_39' title="bbox 0 0 1580 4786; baseline 0 4"><span class='ocrx_word' id='word_1_315' title='bbox 0 0 1580 4786; x_wconf 95' lang='lat' dir='ltr'> </span> 
     </span>
    </p>
   </div>
  </div>
 </body>
</html>
