3150 4786
701 382 892 441 ..4-

212 571 299 632 cum,
322 569 405 632 quos
429 547 566 628 contuli,
589 546 693 627 copiis
715 545 893 628 patefactis
916 546 956 611 de
979 546 1137 628 omnium,
1168 546 1379 630 quiquidem

210 649 310 715 hodie
331 654 471 731 exstant,
494 647 618 714 mutuis
640 648 824 713 rationibus
839 649 957 732 paucis
974 647 1145 730 disseram,
1165 647 1304 731 denique
1318 647 1379 714 ali-

211 754 293 836 quot
312 749 419 832 ipsius
442 749 598 816 carminis
621 750 709 815 locos
732 755 933 834 pertractem
953 754 1054 833 atque
1076 749 1253 814 emendem.

294 852 343 917 Ac
364 852 507 938 primum
529 851 702 918 dicendum
724 854 776 916 est
798 850 838 916 de
861 850 1015 917 carminis
1039 850 1231 918 condicione
1254 851 1380 917 critica.

784 1101 813 1179 Ι.

294 1279 441 1363 Longum
456 1283 508 1345 est
522 1285 556 1344 et
570 1301 591 1344 a
605 1280 776 1364 proposito
790 1299 927 1365 prorsus
942 1278 1085 1344 alienum
1101 1279 1272 1362 editiones,
1287 1284 1381 1363 quot

211 1389 291 1466 quot
312 1383 355 1448 ad
378 1381 441 1446 hoc
462 1401 566 1465 usque
587 1387 717 1464 tempus
732 1380 917 1467 prodierint
931 1401 1124 1446 enumerare
1139 1402 1179 1446 ac
1194 1401 1382 1461 recenssre;

211 1485 295 1550 satis
332 1484 377 1548 sit
412 1503 667 1549 commemorare
702 1484 961 1566 praestantiores
1003 1483 1246 1566 rationemque,
1281 1502 1380 1566 quam

211 1585 355 1651 editores
377 1584 411 1648 in
434 1582 637 1650 emendando
660 1583 795 1650 Musaeo
819 1583 926 1650 secuti
949 1583 1023 1666 sint,
1045 1585 1161 1667 paucis
1182 1583 1380 1650 describere.

295 1703 441 1768 Exeunte
472 1701 606 1767 saeculo
636 1704 750 1787 quinto
780 1702 908 1768 decimo
931 1701 1015 1766 duae
1037 1701 1232 1782 prodierunt
1251 1701 1381 1768 Musaei

211 1805 381 1886 editiones,
403 1823 543 1888 quarum
565 1802 671 1870 altera
693 1803 840 1870 Venetiis
862 1804 905 1868 ab
921 1803 1004 1868 Aldo
1019 1803 1166 1869 Manutio
1182 1810 1296 1870 curata
1320 1808 1381 1884 est,

211 1907 317 1972 altera
343 1905 461 1970 litteris
491 1923 576 1989 quae
601 1910 762 1971 vocantur
790 1905 964 1990 quadratis
993 1904 1063 1970 sine
1088 1904 1154 1970 loci
1181 1905 1259 1970 anni
1286 1912 1380 1990 typo·

210 2007 328 2092 graphi
351 2002 592 2090 significatione
613 2007 747 2091 prodiit.
791 2006 885 2072 Hane
906 2012 1017 2072 tamen
1037 2027 1136 2071 66616
1159 2025 1231 2071 6666
1254 2006 1380 2090 equin·

120 2159 124 2166 .
210 2130 273 2195 que
294 2107 361 2174 illis
384 2106 596 2188 editionibus,
619 2128 704 2191 quae
725 2108 912 2173 Florentiae
934 2107 968 2172 16
991 2107 1124 2173 officina
1145 2106 1314 2172 Francisci
1340 2107 1380 2172 de

210 2211 316 2293 Alopa
337 2208 458 2273 litteris
488 2209 659 2293 quadratis
690 2208 877 2294 descriptae
905 2214 1005 2292 atque
1029 2210 1073 2276 ab
1094 2208 1220 2278 Joanne
1242 2207 1380 2274 Lascari

210 2314 345 2376 curatae
380 2315 503 2392 666661,
530 2311 713 2376 docuerunt
740 2309 907 2376 Maittaire
936 2313 971 2376 in
999 2311 1106 2378 annal.
1134 2316 1199 2396 typ.
1222 2310 1239 2374 I
1265 2333 1295 2394 p.
1320 2315 1378 2376 101

210 2418 243 2478 61
267 2416 344 2493 1053
372 2409 547 2476 Fabricius
569 2411 604 2476 in
626 2411 706 2478 bibl.
728 2432 776 2494 gr.
798 2411 815 2475 I
836 2434 866 2495 p.
893 2417 951 2476 127
975 2413 1025 2478 ed.
1048 2411 1100 2476 IV.
1122 2410 1267 2494 Harles.;
1297 2411 1381 2476 1166-

211 2534 309 2578 verus
333 2512 368 2576 in
389 2513 493 2595 praef.
516 2514 566 2579 ed.
588 2536 619 2580 6.
644 2517 734 2579 1737.
771 2512 884 2580 Editio
906 2514 1061 2599 princeps
1076 2534 1097 2578 a
1111 2513 1256 2580 Roevcro
1273 2519 1306 2578 61
1319 2513 1381 2578 Fa·

211 2613 318 2706 111616
340 2611 483 2680 habetur
505 2614 635 2696 Aldina,
658 2635 858 2698 quamquam
880 2616 963 2681 nihil
983 2620 1114 2681 constat
1128 2615 1192 2680 nisi
1206 2621 1380 2698 utramque

208 2714 372 2800 prodiisse
396 2735 425 2779 a
451 2719 542 2782 1494.
580 2716 645 2782 Sed
666 2717 757 2782 nullo
779 2717 911 2800 negotio
929 2718 1080 2804 judicare
1101 2737 1275 2802 possumus
1297 2717 1381 2782 mul·

208 2823 279 2882 tum
295 2836 351 2881 666
367 2816 453 2882 16161
468 2839 502 2883 66
518 2817 643 2885 distare
658 2819 880 2905 praestantia:
903 2821 1023 2904 quippe
1039 2841 1113 2886 cum
1129 2841 1242 2886 earum
1258 2818 1381 2884 Aldina

209 2916 403 3003 profluxerit
424 2939 442 2983 e
464 2921 577 2986 codice
600 2922 787 2998 deterrimo,
812 2921 870 2988 sed
893 2943 932 2986 ex
954 2921 1077 3005 optimo
1096 2920 1285 2987 Lascarina.
1318 2920 1380 2986 Illa

211 3019 360 3104 quamvis
377 3024 521 3086 scateret
542 3023 668 3088 mendis
691 3024 835 3090 omnium
858 3044 942 3108 quae
963 3023 1184 3107 sequebantur
1199 3023 1380 3088 editionum

209 3121 458 3187 fundamentum
485 3127 558 3188 erat
588 3145 694 3208 usqne
723 3125 767 3190 ad
799 3125 839 3190 H.
864 3124 1075 3208 Stephanum,
1103 3125 1159 3208 qui
1186 3126 1313 3208 primus
1337 3125 1381 3189 ad

210 3223 387 3288 editionem
409 3219 624 3290 Lascarinam
654 3227 877 3292 recensionem
907 3247 1013 3303 suam,
1041 3245 1126 3310 quae
1156 3228 1243 3290 inter
1263 3232 1380 3312 poetas

72 3293 94 3404 1,
132 3291 187 3392 bb
210 3343 348 3406 graecos
369 3322 535 3408 principes
556 3325 681 3393 heroici
702 3327 857 3394 carminis
878 3329 1154 3416 6161111161516,
1175 3329 1324 3392 instituit
1348 3332 1381 3392 et

209 3425 257 3489 ita
279 3424 412 3508 quidem
439 3431 477 3491 ut
498 3427 616 3495 axilla
639 3429 881 3513 scripturarum
903 3428 1065 3514 reciperet
1085 3419 1185 3510 alias,
1215 3430 1299 3495 alias
1324 3436 1381 3495 aut

209 3525 244 3589 in
258 3527 405 3610 margine
420 3527 676 3596 adnotaretaut
690 3551 827 3616 prorsus
843 3529 1038 3612 neglegeret.
1074 3530 1179 3595 Aliter
1194 3535 1381 3597 statuerunt

208 3625 386 3710 Maittaire,
416 3631 472 3712 qui
492 3629 513 3694 l.
537 3629 558 3693 l.
580 3654 610 3716 p.
635 3636 693 3698 105
717 3632 791 3697 adn.
814 3640 833 3700 8
859 3631 972 3697 nescio
1003 3653 1069 3715 qua
1092 3652 1195 3698 causa
1216 3631 1380 3697 adductus

210 3725 349 3809 dubitat,
371 3749 448 3795 num
469 3730 561 3797 illam
582 3733 702 3800 viderit
725 3733 921 3819 Stephanus,
943 3738 977 3798 et
999 3732 1173 3798 Fabricius
1188 3733 1210 3798 l.
1225 3731 1247 3796 l.
1262 3755 1291 3817 p.
1311 3738 1380 3815 128,

211 3823 252 3892 de
281 3830 374 3914 eujus
403 3835 567 3899 sententia
595 3833 681 3899 infra
709 3837 825 3902 dicam.
877 3837 984 3900 Antea
1013 3835 1111 3916 enim,
1141 3839 1179 3898 ut
1206 3839 1380 3918 utrumque

209 3927 366 4013 refellam,
388 3936 630 4001 vetustissimas
654 3936 825 4017 editiones,
848 3958 932 4020 quas
953 3935 1009 4000 1116
1028 3957 1102 4001 cum
1126 3937 1207 4000 satis
1224 3943 1380 4003 accurate

209 4035 420 4117 recensuerit,
442 4034 496 4100 hic
512 4035 699 4103 describere
715 4039 930 4122 supersedeo,
951 4039 1093 4104 breviter
1116 4058 1167 4103 166
1189 4059 1379 4104 enumerare

210 4139 349 4216 oportet.
381 4135 462 4202 Post
475 4137 628 4204 Aldinam
651 4145 684 4205 61
697 4139 912 4206 Lascarinam
925 4141 1119 4236 prodierunt
1134 4159 1165 4206 a.
1184 4144 1265 4204 1514
1278 4139 1380 4206 editio
