3150 4786
674 400 885 460 ..47-

195 564 283 628 vocis
312 563 466 645 repetitio
499 564 561 627 etsi
588 585 646 646 per
677 585 711 628 sc
739 565 871 630 defendi
899 585 997 649 posse
1026 566 1176 631 videatur
1204 565 1364 648 ejusmodi

195 663 276 730 locis
300 664 408 748 qualis
431 670 482 729 est
503 663 610 729 Nonni
631 665 763 750 Dionys,
790 670 838 730 15.
854 690 898 732 τοι
927 687 974 748 sq.

324 764 437 850 χιονέιρ
460 764 605 829 πελάσειε
628 767 794 852 σαόφρονος
818 764 923 830 ἔκτοθι
950 763 1072 852 μίτρης,

323 863 371 930 ναί
394 865 529 951 δαμάλη,
553 867 600 931 ναί
624 859 730 953 μόσχε,
753 869 918 954 σαόφρονος
942 866 1046 932 έκτοίλι
1068 863 1185 952 μίτρης,

195 975 304 1034 tamen
326 969 434 1033 minus
456 969 580 1051 placet,
608 977 785 1056 propterea
808 972 895 1054 quod
919 972 1129 1036 desideratur
1150 969 1272 1034 mantio
1294 969 1364 1053 ejus

196 1071 253 1152 rei,
277 1092 374 1153 quarn
395 1072 484 1135 venti
502 1071 643 1153 jaculati
666 1073 738 1138 sint.
782 1074 916 1138 Nonnus
944 1075 1030 1138 enim
1057 1081 1090 1138 et
1116 1093 1191 1137 cum
1213 1071 1364 1135 omnibus

191 1172 363 1254 jaculandi
393 1173 503 1238 verbis
532 1180 564 1238 et
591 1195 666 1239 cum
694 1177 794 1241 verbo
826 1176 991 1247 ἀκοντίζειν
1019 1173 1262 1253 accusativum,
1300 1192 1364 1256 quo

194 1273 297 1338 telum
320 1274 479 1356 designet,
499 1275 636 1358 jungere
660 1277 758 1341 solet:
781 1277 821 1340 cf.
844 1277 979 1362 Dionys,
998 1281 1025 1338 5.
1041 1298 1086 1340 iso
1104 1274 1224 1359 χιονέας
1243 1269 1364 1343 ἀκτῖνας

197 1374 407 1455 ἀκοντίζουσα;
430 1381 481 1441 27.
497 1400 524 1442 ιε
552 1376 665 1461 θερμὸν
689 1373 851 1448 ἀκοντίζων
875 1377 980 1462 ροδόεν
1003 1374 1105 1462 βέλος,
1129 1380 1235 1442 aaut
1252 1373 1365 1458 πυρσὸν

197 1471 409 1557 ἀκοντίζουσα;
453 1501 497 1542 reo
537 1477 630 1562 ἀφρὸν
666 1477 829 1549 ἀκοντίζων
857 1480 1025 1563 χιονώδεα,
1063 1483 1112 1542 33.
1138 1500 1167 1542 ου
1202 1475 1364 1560 νεκταρέας

195 1575 385 1660 ραθάμιγηας
410 1578 603 1651 ἀκοντίζοντα
626 1581 805 1660 κυπέλλοις,
828 1585 876 1644 34.
890 1603 934 1646 aaa
961 1578 1059 1662 μῦθον
1075 1575 1255 1659 ἀκοντίζων;
1278 1582 1317 1643 37
1333 1601 1362 1644 ευ

196 1676 286 1748 σέλας
301 1679 457 1762 ἠκόντιζον
473 1729 479 1742 .
495 1728 502 1744 .
517 1731 524 1746 .
542 1678 644 1763 αὖραι,
665 1685 706 1744 40
722 1706 766 1746 sos
785 1685 975 1766 πορφυρέους
991 1679 1155 1765 σπινθῆρας
1173 1674 1366 1752 ἀκοντίζοντα

198 1786 231 1844 ct
252 1779 320 1844 alia
340 1781 491 1862 plurima.
535 1781 628 1859 Quod
652 1803 726 1846 cum
740 1783 789 1847 ita
805 1785 857 1865 sit,
880 1803 945 1847 non
960 1781 1076 1847 dubito
1092 1783 1170 1864 quin
1184 1781 1238 1845 hic
1252 1787 1366 1865 postu·

196 1879 282 1945 letur
304 1884 528 1949 accusativus:
558 1883 592 1947 id
615 1885 704 1966 quod
714 1885 788 1968 jure
799 1885 869 1968 jam
884 1883 1108 1948 existimatum
1124 1889 1175 1947 cst
1190 1904 1211 1948 a
1226 1882 1366 1964 Graefi0,

200 1983 256 2064 qui
279 1984 322 2047 ad
343 1984 430 2048 hunc
449 1985 558 2049 locum
579 1987 749 2050 adnotavit
763 1986 845 2050 haec
860 1981 971 2069 ,ἀῆται
985 2006 1023 2050 ex
1038 2006 1134 2051 versu
1148 1984 1367 2068 praecedento

195 2084 411 2167 immigravit3
434 2087 569 2151 verbum
594 2082 759 2158 ἀκοντίζειν
771 2086 920 2170 postulat
935 2087 1168 2152 accusativum.
1198 2085 1284 2168 Lege
1301 2108 1367 2169 χει-

198 2181 303 2270 μερίας
325 2190 458 2269 πνοιησιν
481 2185 686 2260 ἀκοντίζοντες
710 2187 868 2257 ἀπειλάς.“
918 2187 1062 2269 Elegans
1090 2193 1178 2254 essct
1207 2185 1366 2271 χειμερίας

196 2285 337 2372 ναύτῃσιν
360 2287 566 2361 ἀκοντίζοντες
590 2289 726 2361 ἀπειλάς.
755 2327 788 2339 -
816 2290 881 2356 Vol
907 2289 1046 2371 praebet
1061 2283 1266 2360 ἀκοντίζοντες
1283 2287 1366 2356 ίωάς.

196 2390 289 2454 Hanc
317 2396 427 2455 tamen
459 2392 671 2476 scripturam,
707 2413 907 2475 quamquam
935 2389 1019 2454 nihil
1041 2390 1142 2455 habet
1170 2387 1368 2465 offensionis

197 2513 271 2556 cum
299 2489 355 2574 ἰωὴ
389 2513 468 2558 voce
495 2494 565 2576 jam
596 2493 638 2558 ab
665 2493 808 2557 Homero
832 2493 978 2574 signetur
1007 2497 1175 2556 ventorum
1198 2489 1365 2554 fremitus:

195 2592 235 2656 II.
262 2598 297 2655 ll
323 2615 368 2659 aas
393 2593 486 2678 ὑψόσε
507 2590 615 2676 δ’ἀχνη
639 2589 794 2656 σκίδναται
821 2593 851 2663 ἐξ
874 2592 997 2675 ἀνέμοιο
1025 2590 1271 2672 πολυπλάγκτοιο
1293 2587 1366 2671 ἰωῆς

196 2700 229 2757 et
250 2701 279 2758 4.
295 2718 339 2760 ιτο
366 2694 454 2778 νέφος
471 2745 478 2759 .
496 2744 502 2758 .
521 2694 710 2777 ,ἐρχόμενον
733 2693 812 2758 κατά
826 2695 935 2758 πόντον
950 2692 1006 2756 ὑπὸ
1024 2690 1173 2777 Ζεφύροιο
1189 2690 1273 2774 ἰωῆς,
1288 2710 1367 2754 cave

196 2816 236 2859 nc
259 2797 301 2861 ab
324 2797 397 2880 ipso
420 2801 519 2880 poeta
541 2794 725 2877 prolectam
747 2817 820 2861 esse
843 2795 1019 2861 existimes.
1061 2793 1147 2857 Mira
1170 2793 1257 2858 enim
1280 2799 1368 2856 esset

197 2894 271 2966 ἷωάς
293 2897 382 2962 vocis
405 2897 439 2959 in
462 2895 556 2979 ἀήτας
579 2897 630 2962 vel
655 2893 771 2968 ἀέλλας
794 2896 999 2980 depravatio,
1027 2916 1125 2978 quam
1148 2915 1208 2976 ego
1230 2893 1367 2958 nonha-

195 2997 308 3062 berem
321 3019 384 3080 quo
398 2998 493 3063 modo
508 2999 671 3064 accidisse
685 2999 904 3082 probabiliter
918 2999 1186 3064 demonstrarem.
1205 2993 1366 3077 Equidem

196 3119 260 3163 non
285 3099 400 3164 dubito
423 3098 503 3182 quin
526 3097 600 3170 ἰωοίς
623 3101 787 3181 glossema
810 3102 863 3178 sit,
886 3099 974 3182 quod
995 3097 1153 3162 librarius
1177 3096 1300 3162 cumin
1316 3116 1367 3158 ar-

196 3199 336 3285 chetypo
365 3200 494 3266 litteras
525 3203 681 3267 evanidas
709 3202 836 3266 videret
864 3221 924 3264 nec
953 3199 1029 3263 inde
1060 3198 1138 3280 quid
1172 3195 1367 3261 eliciendum

197 3309 285 3366 essct
307 3302 416 3383 sciret,
438 3303 473 3366 in
493 3308 619 3368 textum
641 3303 774 3386 recepit.
819 3302 909 3380 Quae
933 3299 1072 3384 suspitio
1092 3320 1129 3364 eo
1145 3297 1268 3362 certior
1281 3295 1367 3360 vide·

197 3410 252 3467 tur
274 3424 354 3484 esse,
378 3404 466 3488 quod
489 3405 592 3470 codex
612 3404 669 3470 ille
690 3404 888 3489 praesertim
910 3404 944 3468 in
966 3402 1071 3467 altera
1094 3398 1251 3464 carminis
1273 3404 1368 3480 parte

197 3504 407 3585 glossematis
422 3505 568 3572 laborat:
582 3505 622 3572 of.
632 3529 662 3590 p.
674 3511 809 3572 32-33.
839 3503 957 3587 ltaque
974 3525 1012 3569 eo
1027 3502 1166 3567 inclinat
1180 3503 1318 3581 animus,
1332 3504 1369 3563 ut

199 3599 327 3675 ἀπειλάς
350 3627 371 3670 a
392 3605 523 3671 Graefio
546 3608 731 3690 conjectum
750 3627 823 3672 esse
847 3627 1000 3671 censeam
1014 3603 1193 3669 verissime.
1216 3601 1267 3664 Ea
1282 3600 1368 3664 enim

197 3708 386 3793 conjectura
409 3707 533 3790 duplici
554 3708 672 3772 nititur
690 3707 915 3771 fundamento:
939 3707 1080 3788 primum
1106 3703 1194 3787 quod
1215 3701 1366 3765 codicum

198 3808 382 3891 scripturae
408 3805 501 3892 ἀήτας
524 3808 574 3874 vel
598 3805 728 3883 ἀέλλας,
751 3807 841 3890 quod
855 3807 890 3870 in
904 3805 952 3871 Vc
968 3812 1027 3888 est,
1049 3806 1185 3889 propius
1208 3801 1369 3866 accedunt

198 3908 242 3971 ad
276 3905 405 3980 ἀπειλάς
436 3910 525 3974 vocis
556 3908 818 3986 similitudinem
847 3907 988 3972 alterum
1011 3906 1098 3990 quod
1122 3902 1275 3970 similiter
1297 3903 1367 3986 ipse

197 4016 295 4092 pocta
318 4010 399 4074 dicit
420 4033 447 4075 v.
471 4015 530 4074 317

325 4108 377 4173 καί
400 4107 499 4192 Νότος
522 4111 552 4181 ές
568 4107 688 4194 Βορέην
711 4107 847 4193 μεγάλας
870 4108 1002 4194 ἐφέηκεν
1025 4106 1163 4176 ἀπειλάς.

197 4210 316 4276 Cetera
337 4233 432 4294 vero„
446 4234 529 4295 quae
545 4213 587 4276 ad
602 4213 688 4275 hunc
703 4231 833 4274 versum
857 4211 1040 4274 sanandum
1056 4207 1250 4288 excogitavit
1267 4205 1368 4270 Grae-
