3150 4786
697 367 886 428 ..9-

207 525 320 590 codice
336 531 377 590 50
391 526 585 611 deprompta
600 535 685 611 sunt,
707 531 741 594 in
756 550 804 610 66,
828 530 884 612 qui
905 528 1018 594 littera
1032 527 1059 592 B
1074 532 1217 610 notatur,
1240 529 1373 593 exstite-

205 632 292 708 runt,
313 627 349 691 id
365 629 452 710 quod
469 630 566 694 facile
580 632 770 713 perspicies,
792 631 850 696 ubi
866 651 905 695 ea
922 628 1056 709 schoha,
1080 650 1164 710 quae
1179 629 1222 694 ad
1244 651 1375 694 versum

205 733 246 792 45
276 733 309 792 61
337 729 381 793 ad
407 750 539 794 versum
568 737 606 796 95
636 732 807 816 adscripta
836 735 924 812 sunt,
954 731 1199 796 examinaveris.
1248 729 1297 794 Ex
1321 730 1374 794 his

206 831 301 911 enim,
324 851 463 912 quorum
484 831 567 896 illud
589 839 640 897 est
655 840 840 916 πανστρατιᾷ
861 829 911 894 σὺν
933 835 1042 916 πολλῷ
1060 829 1148 916 ὄχλῳ
1170 817 1231 895 τῶν
1253 831 1286 894 ἐν
1308 830 1374 895 ἁλι-

206 930 399 1015 τρεφομένιιιν
421 931 526 1015 νήσων,
548 934 612 999 1166
634 935 669 996 ἐκ
696 939 748 1018 τῆς
772 934 865 1017 βολῆς
891 936 952 996 τῶν
980 931 1126 1016 ὀμμάτων
1152 930 1277 996 ὄλισθον
1299 933 1374 1018 (leg.

208 1031 329 1097 ὀλισθὸν
348 1033 425 1097 Abr.
446 1032 601 1115 Gronov.)
631 1035 803 1118 ἐμποιεῖται
825 1035 948 1117 κάλλος,
973 1035 1053 1098 satis
1077 1033 1220 1099 dilucide
1236 1040 1375 1117 apparet

208 1135 242 1198 in
265 1133 462 1198 scholiastae
486 1135 600 1200 codice
621 1137 724 1202 fuisse
751 1160 779 1202 v.
803 1142 843 1200 49
866 1135 1055 1220 ἁλιτρεφέων
1077 1141 1110 1201 61
1133 1159 1161 1202 v.
1185 1139 1224 1200 95
1249 1134 1372 1206 κάλλος.

207 1235 296 1312 Quae
319 1255 393 1300 oum
415 1235 599 1302 habeantur
621 1240 655 1302 in
669 1239 706 1319 B,
728 1259 793 1302 non
815 1237 848 1301 in
863 1238 899 1318 A,
922 1237 957 1300 in
980 1237 1136 1301 carminis
1158 1237 1374 1320 inscriptione

205 1335 351 1400 notanda
378 1357 398 1400 a
425 1337 570 1404 Roevero
597 1345 743 1404 erratum
770 1357 843 1402 esse
871 1337 1062 1402 existimem.
1106 1336 1167 1402 (lui
1195 1338 1375 1420 suspicioni

205 1438 239 1500 in
252 1443 408 1520 promptu
424 1443 475 1502 est
497 1460 534 1504 eo
557 1441 715 1524 majorem
735 1437 834 1503 fidem
858 1459 930 1503 esse
952 1437 1148 1518 habendam,
1171 1439 1260 1520 quod
1281 1440 1373 1504 lucu-

204 1539 329 1602 lentum
351 1539 443 1603 aliud
465 1547 692 1623 argumentum
715 1540 851 1605 accedit.
894 1539 1026 1604 Etenim
1052 1539 1185 1604 codices
1206 1539 1235 1603 A
1257 1538 1282 1604 O
1304 1546 1374 1605 tam

205 1640 329 1704 similes
353 1645 436 1722 sunt,
459 1648 495 1706 ut
523 1663 599 1707 raro
622 1643 707 1706 inter
730 1663 764 1706 se
788 1641 995 1706 dissentiant.
1039 1641 1164 1723 Itaque,
1186 1660 1260 1704 oum
1285 1641 1375 1705 codi-

206 1761 261 1806 ces
284 1747 382 1806 4664
405 1743 551 1826 ejusdem
574 1743 698 1807 saeculi
720 1743 785 1806 siut
808 1763 947 1824 cumque
970 1743 1107 1807 eandem
1129 1743 1376 1824 inscriptionem

204 1843 395 1928 praebeant,
422 1841 559 1908 dubium
581 1863 653 1906 esse
676 1865 741 1908 non
762 1848 880 1926 potest,
903 1843 981 1926 quin
1004 1841 1135 1908 codices
1158 1847 1198 1906 46
1223 1848 1263 1906 50
1286 1843 1374 1906 111616

205 1943 271 2008 6161
303 1965 342 2008 66
363 1943 501 2009 Roeveri
522 1944 550 2007 A
572 1944 608 2008 B.
652 1944 804 2009 Ceterum
830 1945 885 2008 1116
913 1947 1025 2007 utrum
1057 1943 1169 2007 littera
1198 1943 1235 2023 A,
1264 1948 1375 2007 utrum

204 2045 232 2108 B
256 2044 444 2126 signaverit,
468 2045 644 2130 dijudicari
665 2066 730 2111 non
752 2052 869 2130 potest.

288 2145 465 2210 Praeterea
486 2144 625 2210 duorum
647 2149 799 2212 codicum
826 2145 999 2230 scripturis
1026 2163 1107 2208 usus
1139 2149 1204 2208 est:
1235 2145 1373 2209 alterius

204 2246 347 2311 Parisini
372 2247 542 2330 cujusdam
570 2249 603 2311 in
625 2248 827 2312 bibliotheca
853 2254 924 2312 tum
951 2245 1044 2328 regia
1071 2243 1251 2325 adservati,
1281 2247 1374 2330 cujus

206 2347 388 2428 scripturas
419 2367 458 2412 ex
486 2349 627 2413 editione
653 2348 682 2414 J.
713 2349 865 2414 Rondelli
892 2347 1030 2414 Parisiis
1064 2368 1094 2411 a.
1125 2350 1203 2408 1701
1234 2346 1373 2410 66116666

206 2448 383 2531 excerpsit;
413 2448 549 2514 alterius
571 2450 714 2515 Palatini
736 2450 923 2535 cujusdam,
953 2451 1046 2533 cujus
1074 2446 1292 2527 collationem,
1316 2446 1375 2512 sed

205 2571 310 2632 usque
325 2549 369 2614 ad
384 2571 411 2615 v.
433 2555 471 2614 76
487 2557 615 2616 tantum
637 2554 854 2634 pertinentem
875 2551 1040 2634 protraxit
1056 2569 1073 2614 e
1089 2547 1228 2630 Oaspari
1244 2547 1375 2612 Barthii

206 2651 481 2716 Adversariorum
502 2653 523 2716 l.
545 2651 607 2716 VII
629 2673 654 2715 c.
678 2657 728 2716 21.
753 2651 793 2740 (v.
814 2673 845 2734 p.
868 2657 910 2732 8).

289 2751 418 2834 Postea,
440 2751 544 2816 uthis
559 2752 710 2818 hocloco
726 2752 952 2835 defungamur,
972 2753 1152 2834 apparatus
1167 2751 1224 2832 qui
1237 2755 1376 2816 vocatur

208 2853 344 2918 criticus
374 2854 596 2936 posteriorum
626 2855 789 2919 editorum
817 2874 898 2918 cura
925 2857 1044 2918 auctus
1067 2857 1117 2915 est
1139 2856 1237 2934 atque
1259 2853 1375 2934 ampli·

204 2953 333 3020 ficatus.
419 2957 421 2964 '

291 3055 496 3120 Schraderus
525 3057 649 3122 codicis
676 3057 849 3141 cujusdam
876 3055 1061 3135 collatione,
1093 3054 1152 3118 scd
1172 3077 1201 3120 v.
1227 3059 1286 3119 118
1307 3055 1375 3139 jam

207 3155 376 3222 desinente
398 3177 479 3222 usus
502 3163 562 3239 661,
584 3157 738 3222 1661111116
759 3157 818 3222 1116
840 3157 882 3222 ab
905 3157 1022 3221 Isaaco
1045 3154 1172 3235 Vossio,
1203 3157 1260 3238 qui
1281 3155 1375 3219 illum

204 3260 316 3321 utrum
330 3258 402 3342 ipse
416 3260 612 3342 possederit,
634 3280 676 3324 an
694 3259 827 3325 aliunde
847 3257 1025 3324 adsecutus
1049 3255 1101 3338 sit,
1124 3275 1190 3320 non
1212 3255 1375 3338 docemur,

205 3357 287 3422 nihil
308 3363 346 3422 ut
367 3361 449 3422 certi
472 3360 512 3425 de
534 3359 596 3425 hoc
620 3360 733 3426 codice
756 3367 902 3426 statuere
923 3358 1033 3424 liceat.

289 3458 468 3524 Praeterea
489 3461 658 3539 „editionis
681 3467 829 3529 vetustae
851 3461 995 3526 Venetae
1020 3459 1145 3524 litteris
1172 3457 1372 3539 capitalibus

205 3566 398 3643 expressae“
420 3559 604 3642 scripturas
627 3584 648 3627 a
668 3563 739 3628 Nic.
760 3563 896 3628 Heinsio
917 3583 1022 3644 usque
1045 3560 1088 3624 ad
1109 3581 1137 3623 v.
1161 3563 1200 3623 79
1223 3565 1374 3624 enotatas

205 3659 365 3726 adhibuit.
400 3661 491 3739 Quae
506 3663 639 3744 quidem
654 3663 755 3729 editio
770 3685 835 3730 non
853 3663 920 3729 alia
944 3682 1016 3727 6666
1038 3664 1148 3744 potest
1168 3681 1267 3742 quam
1289 3681 1374 3742 quae

204 3761 390 3828 Florentiae
405 3763 530 3844 prodiit
544 3783 622 3829 cura
636 3763 801 3830 Lascaris.
839 3763 940 3846 Cujus
955 3762 1004 3827 rei
1026 3760 1125 3826 fidem
1148 3761 1212 3828 duo
1234 3761 1374 3827 maxime

205 3862 286 3928 mihi
311 3864 438 3928 faciunt
467 3871 672 3946 argumenta:
700 3867 843 3949 primum
865 3864 953 3948 quod
974 3868 1108 3946 praeter
1137 3862 1283 3946 quinque
1306 3861 1374 3926 edi-

206 3965 312 4030 tiones
339 3965 561 4046 Florentinas,
594 3987 678 4049 quas
710 3987 810 4050 supra
839 3967 909 4050 jam
942 3965 1209 4044 memoravimus,
1248 3963 1373 4028 nullam

205 4086 361 4149 umquam
379 4066 500 4132 litteris
523 4067 723 4150 capitalibus
746 4067 944 4148 exscriptam
966 4087 1040 4131 esse
1063 4069 1210 4142 constat;
1233 4065 1374 4129 alterum

206 4167 295 4249 quod
309 4167 451 4234 Venetae
466 4169 555 4235 illius
579 4170 765 4250 scripturae
787 4169 829 4233 ab
853 4167 910 4248 eis,
933 4187 1017 4249 quas
1032 4167 1198 4234 Roeverus
1220 4162 1374 4233 eLasoa·
