3150 4786
676 387 885 450 ..41-

195 577 224 621 v.
263 560 311 620 26.
334 553 400 620 Ubi
423 555 621 637 quicumque
637 557 742 621 totius
764 555 829 620 loci
851 559 1011 622 rationem
1033 556 1253 640 perpenderit,
1276 556 1362 620 huno
1428 528 1454 638 3

277 676 421 738 versum,
452 679 526 722 cum
559 658 740 722 sententiae
776 657 1000 722 antecedentis
1030 679 1143 722 versus
1175 658 1361 723 contrarius

280 758 331 838 sit,
354 758 444 823 nullo
466 759 563 823 modo
587 758 719 822 defendi
741 780 840 842 posse
862 759 959 824 facile
981 759 1187 824 intellexerit.
1221 758 1289 824 Neo
1311 766 1362 824 ta-

279 881 351 924 men
375 859 479 941 magis
503 859 660 944 Koechlyi
683 861 936 940 emendationes,
957 861 1013 943 qui
1034 881 1093 944 pro
1108 861 1192 944 vulg.
1216 859 1362 944 ἀδόνητον

279 959 425 1044 ἀνόνητον
455 983 472 1026 ο
501 963 691 1046 conjectura
721 961 844 1027 Grasfii
873 969 905 1028 et
933 983 992 1046 pro
1019 963 1101 1044 volg.
1125 961 1275 1045 ἀκινήτων
1298 983 1314 1028 e
1340 963 1364 1026 P

279 1063 405 1146 (codic,
428 1061 474 1126 Ve
500 1063 528 1127 R
555 1064 582 1126 A
612 1085 698 1128 nunc
728 1061 1002 1151 adsentientibus)
1030 1064 1133 1148 recipi
1157 1065 1262 1148 jubet,
1289 1085 1363 1147 pro-

280 1165 354 1231 bari
370 1183 467 1247 posse
480 1164 645 1230 existimo:
662 1187 738 1231 nam
753 1167 850 1231 nimis
866 1164 1033 1230 inficetum
1048 1172 1136 1231 esset
1151 1167 1214 1232 hoo
1230 1167 1363 1231 dictum.

286 1265 348 1341 Qui
364 1267 449 1330 enim
464 1267 592 1330 inutilis
616 1268 682 1332 dici
703 1273 812 1352 potest
827 1287 983 1332 manuum
1005 1267 1114 1349 robor,
1137 1268 1267 1350 quibus,
1290 1288 1363 1330 cum

281 1367 395 1432 labore
425 1367 626 1451 defatigatae
650 1371 724 1450 sint,
745 1370 836 1434 nulla
859 1369 989 1434 omnino
1011 1369 1059 1432 vis
1082 1369 1187 1433 inest?
1215 1365 1365 1450 ἀκινήτων

282 1469 394 1550 igitur,
410 1473 558 1553 quamvis
574 1495 594 1536 a
610 1479 751 1553 quatuor
766 1470 936 1536 codicibus
953 1471 1155 1551 exhibeatur,
1179 1471 1248 1534 sine
1264 1469 1364 1534 dubio

281 1571 402 1635 falsum
418 1577 476 1635 est.
514 1569 660 1657 ἀνόνητον
683 1595 769 1655 vero,
791 1572 870 1636 licet
888 1571 977 1636 nullo
994 1572 1107 1636 codice
1123 1572 1364 1656 comprobetur,

281 1673 346 1736 nisi
367 1672 454 1736 forte
475 1671 510 1736 iu
533 1675 721 1758 corruptela
743 1674 793 1738 Va
820 1673 867 1738 Ve
898 1671 1026 1757 ἀνόητον
1053 1673 1156 1738 latere
1187 1673 1364 1754 existimes,

281 1779 392 1837 tamen
414 1773 521 1838 Nonni
543 1796 607 1840 usu
634 1775 754 1859 optime
778 1775 1006 1855 confirmatur;
1037 1775 1075 1838 cf.
1104 1775 1236 1859 Dionys,
1262 1779 1363 1840 laiss

282 1870 333 1936 καὶ
363 1873 453 1944 δόλος
482 1873 518 1957 ἢν
548 1874 715 1961 ἀνόνῃτος.;
741 1882 842 1942 nones
871 1871 923 1938 καί
955 1874 1065 1959 δρόμος
1094 1874 1130 1958 ἢν
1160 1874 1303 1958 ἀνόνητος
1333 1881 1365 1940 et

280 1982 401 2057 39.soo,
430 1977 486 2059 qui
513 1999 626 2043 vorsus
656 1978 841 2042 simillimus
872 1985 933 2058 est,
963 1975 1013 2038 καὶ
1042 1976 1131 2046 πόνος
1158 1976 1194 2060 ἢν
1221 1969 1365 2060 ἀνόνητος

282 2077 486 2162 ἐπειγομένων
502 2079 670 2164 ἐλατὴρων.
700 2081 785 2144 Illud
801 2085 910 2144 autem
934 2089 1023 2143 recte
1047 2079 1112 2143 dici
1134 2084 1187 2159 „et
1208 2078 1365 2143 inutilis

282 2185 344 2244 est
365 2181 426 2245 vis
450 2182 704 2251 assiduarum
726 2189 1012 2246 manuum‘ssnon
1034 2185 1085 2244 est
1100 2181 1188 2262 quod
1203 2201 1366 2256 moneam;

284 2286 397 2346 notum
413 2287 464 2346 est
479 2284 574 2364 enim,
598 2284 626 2346 si
649 2284 723 2366 quis
741 2285 835 2365 aquis
851 2283 988 2348 obrutus
1010 2281 1044 2344 in
1065 2281 1154 2345 vitae
1177 2281 1367 2346 discrimine

286 2389 448 2465 versetur,
471 2406 545 2448 eum
567 2383 707 2466 pedibus
726 2385 795 2467 jam
818 2405 955 2468 prorsus
979 2382 1118 2447 defessis
1141 2383 1278 2447 brachia
1299 2405 1367 2448 ma·

282 2505 409 2568 nusque
432 2507 570 2568 movere,
593 2490 631 2549 ut
654 2491 780 2549 certam
802 2491 889 2550 mort
911 2508 943 2550 m
965 2485 1080 2566 fugiat.

198 2608 225 2650 ν.
243 2591 303 2649 335
328 2607 388 2668 pro
412 2585 571 2669 ἀλώμενον
593 2587 626 2648 ὃν
650 2587 860 2652 scribendum
883 2594 933 2652 est
956 2607 1030 2652 cum
1046 2585 1071 2649 P
1087 2585 1108 2651 S
1125 2591 1158 2650 et
1183 2591 1368 2650 correctore

283 2687 320 2751 R.
342 2685 530 2768 ἀλωόμενον,
552 2689 641 2770 quod
668 2690 737 2770 jam
766 2687 916 2753 Graefius
945 2687 1162 2768 conjectando
1191 2687 1369 2750 invenerat.

287 2787 443 2872 Idemque
466 2789 536 2852 sine
559 2789 660 2854 dubio
682 2789 765 2854 latet
787 2789 821 2852 in
845 2789 1009 2872 scriptura
1031 2787 1077 2851 Ve
1102 2785 1284 2870 ἀλωόμενον.

203 2910 231 2951 v.
256 2893 318 2952 340
383 2889 466 2954 add&
488 2886 578 2974 Ἣρὼ
601 2889 749 2974 τέθνηκεν
771 2891 814 2952 ἐπ’
841 2889 1000 2972 ὀλλυμένιρ
1022 2883 1193 2972 παρακοίτῃ

285 2989 312 3054 Ε
328 2991 353 3053 Ρ
367 2991 413 3056 Ve
429 2992 457 3054 R
472 2991 520 3056 Vc
528 3017 536 3056 1
562 2991 588 3055 B
609 2992 812 3056 restituimus
841 2987 892 3053 σὺν
909 2989 1070 3074 ὀλλυμένιρ
1085 2984 1267 3074 παρακοίτῃ,
1282 2991 1370 3074 quod

279 3092 349 3175 jam
373 3092 558 3176 Stephanus
582 3093 703 3175 aliique
725 3096 932 3173 receperant,
956 3091 1014 3154 sed
1036 3091 1235 3156 recentiores
1259 3112 1370 3157 omnes

287 3194 408 3258 iterum
423 3195 646 3260 deseruerunt.
684 3187 771 3258 Illud
793 3201 903 3260 tamen
923 3191 1020 3256 unice
1041 3213 1154 3256 verum
1177 3214 1249 3257 esse
1272 3193 1370 3258 facile

285 3295 347 3360 tibi
383 3296 617 3378 persuadebis,
652 3296 681 3359 si
709 3295 797 3361 hunc
826 3294 934 3359 Nonni
968 3292 1079 3358 locum
1113 3295 1370 3378 comparaveris:

286 3395 534 3482 Dionys.40,201
563 3419 609 3480 sq.

904 3535 909 3544 ·
957 3491 1028 3558 αἴθε
1051 3497 1102 3558 καὶ
1126 3496 1219 3579 αὐτὴν

344 3596 468 3683 Βάκχος
492 3599 573 3662 ἑλὼν
595 3599 689 3684 ὀλέσῃ
715 3622 752 3681 με
776 3597 827 3661 σὺν
849 3598 1010 3680 ὀλλυμένιρ
1032 3593 1214 3682 παρακοίτῃ.

287 3783 399 3848 Multis
429 3783 531 3866 igitur
560 3783 703 3865 mendis,
738 3783 859 3866 quibus
887 3781 1015 3846 Musaei
1045 3802 1177 3848 carmen
1205 3781 1372 3846 adfectum

204 3891 308 3966 est,e
337 3885 481 3969 plurium
504 3885 653 3950 codicum
683 3885 883 3948 auctoritate
914 3883 1069 3965 sublatis,
1098 3882 1157 3947 alii
1178 3882 1243 3947 loci
1272 3881 1372 3946 relin-

204 3991 363 4068 quuntur,
398 3987 455 4051 ubi
488 3987 607 4068 singuli
637 3985 769 4051 codices
800 3987 982 4069 scripturas
1010 3984 1171 4068 praebent
1200 3983 1247 4048 eis
1277 4004 1372 4067 prae-

205 4086 394 4167 stantiores,
418 4108 502 4169 quae
522 4086 556 4150 in
571 4085 707 4168 reliquis
722 4087 895 4152 habentur.
933 4085 1059 4164 Quibus
1074 4085 1107 4149 in
1128 4083 1211 4150 locis
1233 4106 1372 4152 memor-

205 4209 262 4252 are
284 4187 336 4253 vix
351 4208 432 4270 opus
449 4195 500 4252 est
521 4209 594 4253 eam
616 4187 698 4254 artis
722 4189 859 4258 criticae
881 4207 1030 4256 normam
1053 4186 1268 4262 exercendam
1291 4209 1373 4268 esse,

1445 2500 1480 2560 b
