3150 4786
668 419 879 480 ..37-

273 582 430 665 Alterum,
453 604 548 667 quem
572 583 705 650 Genuae
728 583 806 650 olim
828 585 995 650 exstitisse
1015 585 1280 668 significavimus,
1302 587 1359 652 ad·

188 687 252 750 fert
278 685 316 748 H.
340 683 525 768 Stephanus
556 686 590 750 in
611 691 781 768 poetarum
808 708 1002 768 graecorum
1024 687 1092 751 her.
1119 707 1217 751 carm.
1241 688 1359 753 colleo-

187 787 276 851 tione
304 808 335 869 p.
358 793 419 853 487
450 785 650 867 „Affirmavit
679 787 759 851 mihi
793 789 872 853 olim
901 785 998 854 Mich.
1026 786 1211 870 Sophianus
1247 810 1358 854 eoram

187 887 263 953 aliis
289 887 440 971 plurimis
473 908 507 952 se
533 887 656 953 vidisse
687 888 821 954 Genuae
850 890 972 953 librum
999 891 1156 969 veterem,
1190 890 1246 972 qui
1272 891 1383 955 inter.

187 989 254 1054 alia
274 995 430 1072 poemata
452 987 592 1053 haberet
614 989 703 1054 istud
726 991 761 1079 (i.
785 1012 811 1055 e.
834 990 962 1056 Musaei
984 993 1129 1076 carmen)
1151 993 1199 1055 ita
1221 992 1358 1073 inscrip-

186 1094 257 1154 tum
279 1086 455 1170 ,Μουσαίου
478 1095 687 1174 γραμματικοῦ
710 1091 748 1157 τὰ
771 1091 838 1154 καθ’
854 1088 944 1174 Ἥρὼ
960 1087 1011 1152 καὶ
1029 1090 1202 1175 Λέανδρονιι
1219 1112 1357 1175 eumque

185 1191 219 1256 in
242 1191 334 1276 eujus
354 1193 507 1256 manibus
529 1192 616 1257 liber
637 1199 710 1258 erat
730 1191 940 1260 nominavit.”

742 1426 804 1505 llI.

268 1571 425 1636 Codicum
448 1571 535 1636 ratio
558 1591 598 1636 ac
621 1573 773 1654 cognatio
790 1593 862 1637 cum
878 1572 956 1636 talis
973 1572 1025 1653 sit,
1048 1577 1084 1637 ut
1100 1571 1251 1637 meliores
1268 1570 1357 1636 eodi-

184 1693 237 1736 ces
262 1693 301 1736 ex
323 1693 386 1738 uno
410 1673 588 1756 eodemque
611 1671 788 1758 archetypo
811 1674 971 1756 originem
985 1673 1154 1752 traxerint,
1175 1693 1241 1736 non
1259 1692 1357 1753 posse

188 1771 333 1837 dubitari
356 1773 436 1837 mihi
452 1773 582 1838 videtur
599 1775 687 1856 quin,
707 1774 771 1838 nisi
793 1775 989 1857 gravissima
1005 1775 1138 1839 obstent
1152 1779 1355 1854 argumenta,

184 1895 242 1939 eae
266 1875 451 1958 scripturae
474 1874 508 1937 in
531 1879 655 1940 textum
677 1875 885 1960 recipiendae
902 1877 976 1958 sint,
997 1877 1031 1940 in
1051 1874 1170 1958 quibus
1186 1873 1357 1940 Palatinus

183 1997 256 2040 cum
282 1996 348 2041 uno
377 1975 568 2058 pluribusve
599 1977 772 2042 meliorum
802 1977 996 2042 consentiat.
1046 1978 1135 2055 Quas
1166 1976 1358 2057 scripturas,

183 2097 257 2142 eum
283 2079 458 2143 maximam
481 2082 610 2158 partem
634 2079 703 2159 jam
724 2079 911 2162 Koechlyus
934 2079 955 2141 l.
977 2079 989 2142 l
1012 2077 1211 2158 restituerit,
1233 2076 1357 2142 brevis·

184 2179 264 2244 sime
286 2179 341 2243 hic
364 2179 463 2243 liceat
485 2178 659 2260 attingere.

182 2337 210 2378 ν.
232 2319 271 2379 53
293 2336 352 2396 pro
375 2313 507 2396 volgato
531 2312 694 2376 ἀθανάτων
717 2311 830 2398 ἀγέμεν
853 2315 1062 2380 scribendum
1086 2323 1137 2380 est
1163 2312 1358 2377 ἀθανάτοισιν

268 2411 352 2497 ἄγειν
380 2437 418 2480 ex
439 2415 475 2479 R.
500 2439 527 2478 α.
551 2413 600 2479 Va
622 2413 757 2481 VeV01
786 2415 852 2481 Voa
875 2423 908 2482 et
929 2417 963 2497 P,
995 2417 1052 2500 qui
1074 2415 1207 2499 quidem
1228 2421 1356 2498 partem

266 2516 335 2580 veri
361 2516 449 2580 vitiis
479 2515 614 2578 mixtam
637 2515 746 2580 adfert
773 2515 835 2582 hoc
858 2517 954 2582 modo
979 2516 1140 2579 ἀθανάτων
1170 2514 1260 2598 ἄγειν.
1307 2515 1354 2580 of.

270 2617 489 2681 Wernickium
505 2617 548 2680 ad
563 2615 826 2699 Tryphiodorum
842 2640 872 2700 p.
889 2623 965 2699 3733
980 2618 1181 2701 Koechlyum
1195 2617 1215 2680 l.
1227 2616 1249 2681 l.
1261 2637 1290 2698 p.
1309 2621 1356 2679 15.

184 2743 211 2784 ν.
236 2724 284 2783 58.
307 2739 366 2803 pro
389 2719 471 2800 volg.
495 2715 799 2802 χιονέυν-παρειῶν
822 2718 1063 2783 restituendum
1085 2723 1136 2782 est
1159 2715 1354 2801 υΡχιονέης

269 2825 403 2903 παρειῆς,
431 2818 519 2901 quod
543 2839 560 2882 e
583 2819 755 2883 codicibus
777 2818 825 2883 Vc
848 2825 880 2883 et
901 2819 937 2900 Β,
961 2821 1017 2902 qui
1046 2819 1168 2903 χιονὲης
1191 2817 1355 2897 exhibent,

265 2923 335 3006 jam
357 2920 564 2985 Wemiekius
587 2919 631 2984 ad
653 2919 915 3004 Tryphiodorum
936 2943 967 3004 p.
991 2928 1041 2988 81.
1071 2919 1255 2986 emendavit
1281 2939 1355 3003 per-

270 3023 440 3105 suasitque
463 3021 610 3086 Lehrsio.
648 3018 729 3084 Gom
744 3019 791 3085 Ve
815 3027 847 3086 et
868 3021 895 3084 B
918 3022 1083 3087 consentit
1105 3021 1204 3086 etiam
1219 3019 1300 3100 Vo1,
1322 3019 1356 3083 in

269 3147 333 3208 quo
357 3131 408 3190 est
429 3121 736 3206 χιονέης-παρειῶν,
780 3121 1136 3202 csnoechlyum1.1.
1159 3143 1189 3204 p.
1215 3125 1262 3185 11.

183 3251 210 3292 ν.
237 3233 287 3290 61.
308 3247 368 3308 pro
390 3225 473 3306 volg.
496 3220 604 3307 χροιὴν
626 3219 715 3306 χροιὴ
740 3242 757 3286 e
779 3223 804 3287 P
826 3222 894 3288 Voa
927 3222 1029 3288 scribi
1054 3221 1148 3306 jubet
1168 3219 1354 3304 Koechlyus

268 3329 289 3392 l.
312 3327 332 3392 l.
354 3351 385 3412 p.
409 3332 436 3392 9.
482 3324 536 3390 Sic
560 3321 748 3389 etiamV01
775 3323 822 3388 Ve
846 3323 876 3388 S.

183 3453 212 3495 v.
236 3437 286 3497 88.
308 3451 368 3512 pro
390 3428 473 3510 volg.
496 3424 738 3510 πυριπνεθοτοιοι
759 3425 920 3509 praebent
941 3425 966 3489 P
986 3424 1035 3488 Va
1049 3423 1097 3488 Ve
1119 3423 1183 3486 Ra
1198 3421 1261 3486 Vos
1283 3420 1352 3485 Vox

268 3530 487 3614 πυριβλήτοιοι,
510 3528 598 3611 quod
620 3527 745 3610 placuit
767 3526 933 3612 Koechlyo
955 3526 977 3590 l.
1001 3526 1021 3590 l.
1044 3549 1075 3610 p.
1100 3532 1127 3590 9.

184 3657 211 3699 ν.
236 3637 285 3697 95.
308 3653 368 3716 pro
390 3631 473 3712 volg.
498 3627 588 3697 ἕλκος
610 3629 736 3710 recepit
759 3629 964 3693 Schraderus
988 3625 1090 3689 eVoa
1116 3624 1205 3688 VeB
1228 3621 1356 3698 κάλλος,

269 3733 359 3815 quod
381 3732 514 3797 firmant
535 3729 561 3794 P
582 3730 611 3792 R
634 3751 654 3789 α
675 3727 757 3793 Vos.
803 3728 1007 3810 Scripturam
1033 3725 1127 3805 hanc,
1158 3745 1257 3806 quam
1280 3730 1356 3806 post

271 3833 493 3898 Schraderum
516 3831 732 3896 deseruerunt
759 3849 880 3910 omnes,
908 3825 1148 3893 commendavit
1170 3823 1355 3909 Koechlyus

269 3958 300 4019 p.
311 3940 339 4000 9.
362 3934 463 4000 Totus
478 3932 572 3998 loeus
584 3952 624 3996 ex
635 3929 772 3996 Achillis
788 3930 875 3995 Tatii
889 3929 974 3994 libro
990 3928 1031 3992 de
1045 3927 1227 4011 Leucippes
1243 3930 1276 3990 et
1290 3923 1356 3989 Gli·

269 4036 439 4120 tophontis
462 4033 631 4101 amoribus
651 4032 667 4096 Ι
683 4034 699 4094 δ
722 4038 762 4098 29
779 4032 843 4119 (ed.
859 4028 1007 4118 Jacobs.)
1024 4029 1209 4114 exscriptus
1225 4031 1284 4107 est,
1299 4025 1357 4090 ubi

272 4138 354 4202 haec
370 4133 693 4220 leguntur„aotllor
709 4131 777 4220 γὰρ
789 4131 959 4216 ὀξύτερον
973 4133 1132 4216 τιτρώσκει
1148 4129 1288 4214 βέλους
1304 4120 1356 4188 καὶ

272 4239 322 4304 διὰ
347 4243 408 4300 τῶν
436 4238 608 4323 ὀφθαλμῶν
638 4233 694 4306 εἰς
723 4235 790 4320 τὴν
823 4232 946 4320 ψυχὴν
967 4229 1159 4316 καταρῥεῖ.
1193 4226 1355 4313 ὀφθαλμὸς
