3150 4786
697 361 909 422 ..12-

300 526 355 590 Ita
376 525 501 590 factum
522 524 628 606 vides,
658 531 694 590 ut
715 526 844 594 Musaei
873 550 1020 610 carmen,
1045 529 1194 612 quamvis
1216 529 1290 612 plus
1314 549 1387 612 sep-

215 628 344 708 tuagies
366 626 541 709 prodierit,
566 626 689 692 nullius
715 633 826 693 tamen
855 650 936 694 cura
958 651 1113 713 umquam
1140 630 1184 694 ad
1210 629 1386 712 pristinam

215 728 439 809 integritatem
460 734 650 793 revocatum
673 729 725 793 sit.
758 728 801 793 Et
822 751 862 795 ne
884 752 981 815 posse
998 733 1130 814 quidem
1146 732 1234 798 vitiis
1249 731 1386 797 liberari

216 828 392 893 videbatur
415 828 479 890 nisi
502 829 615 894 codice
638 829 750 911 aliquo
773 831 918 913 invento,
949 833 1005 916 qui
1027 833 1088 913 eis,
1118 854 1257 916 quornm
1280 832 1385 916 copiis

216 929 360 994 editores
383 930 578 1010 utebantur,
606 930 778 1013 aliquanto
807 936 897 996 esset
918 932 984 996 fide
1005 934 1172 1016 insignior.
1216 934 1263 998 Ac
1284 935 1386 998 talem

216 1030 389 1094 111161111ΑΙ
405 1030 601 1116 Koechlyus,
623 1033 672 1097 vir
684 1031 886 1098 Graecarum
907 1032 1094 1100 litterarum
1116 1035 1305 1100 admirabili
1321 1035 1386 1099 sci-

215 1131 304 1194 entia
326 1132 518 1214 instructus,
541 1132 687 1198 codicem
703 1133 889 1198 Palatinum
910 1155 940 1197 n.
964 1140 1003 1200 43
1028 1135 1202 1216 signatum,
1224 1136 1264 1200 de
1289 1137 1385 1220 cujus

217 1233 338 1296 eximia
361 1233 471 1304 indole
495 1234 653 1299 disseruit
674 1235 708 1298 in
729 1235 839 1316 priore
861 1241 955 1316 parte
970 1235 1083 1317 libelli,
1105 1237 1194 1320 quod
1207 1237 1385 1321 philologis

215 1333 480 1417 paedagogisque
495 1336 668 1418 germanis,
688 1358 763 1402 oum
777 1356 921 1426 annuum
935 1343 1129 1402 conventum
1146 1338 1385 1419 Heidelbergae

215 1455 243 1498 a.
270 1439 349 1499 1865
371 1435 540 1517 haberent,
563 1437 677 1502 edidit.
716 1437 778 1514 Qui
801 1437 904 1502 codex
925 1439 1074 1520 quamvis
1096 1457 1193 1502 verae
1207 1439 1384 1504 vetustatis

215 1536 345 1601 laudem
372 1557 438 1602 non
466 1537 589 1604 habeat
609 1573 652 1588 —
674 1543 725 1602 est
747 1539 833 1602 enim
867 1539 992 1604 saeculi
1022 1539 1088 1602 XV.
1117 1537 1156 1601 of.
1179 1539 1232 1605 Fr.
1255 1538 1383 1604 Wilken

216 1636 430 1719 ,Geschichte
462 1637 521 1703 der
549 1638 707 1721 Bildung,
744 1638 941 1720 Beraubung
971 1640 1038 1704 und
1067 1639 1294 1723 Verniohtung
1325 1641 1383 1704 der

214 1738 302 1803 alten
332 1738 645 1822 Heidelbergisohen
673 1739 1045 1824 Biichersammlungen“
1066 1740 1216 1807 Heidelb.
1241 1746 1331 1822 1817,
1353 1763 1383 1823 p.

216 1845 276 1903 276
307 1860 353 1922 sq.
384 1845 417 1905 et
445 1841 681 1906 Recensionem
712 1861 788 1904 mss.
816 1843 885 1906 cod.
911 1843 1184 1924 procuratoribus
1214 1841 1385 1908 Gallorum

214 1938 414 2006 traditorum
436 1965 467 2025 p.
490 1941 544 2030 77)
570 1980 618 2024 -,
640 1947 734 2006 tanta
755 1948 865 2007 tamen
887 1950 939 2008 est
958 1944 1164 2025 praestantia
1187 1950 1220 2008 et
1241 1944 1385 2009 auctori·

221 2045 305 2122 tate,
327 2048 363 2106 ut
386 2043 536 2110 omnibus
566 2045 635 2109 fere
657 2043 737 2109 locis
760 2044 937 2127 pristinum
960 2041 1088 2108 Musaei
1108 2046 1244 2110 carmini
1265 2045 1385 2110 reddat

219 2140 433 2224 splendorem.
470 2146 540 2223 Quo
562 2166 622 2210 nec
646 2165 705 2226 ego
728 2145 871 2226 quinque
893 2144 971 2210 aliis
994 2145 1163 2212 codicibus
1186 2145 1315 2210 collatis
1337 2147 1383 2208 111-

216 2243 344 2309 venisse
359 2246 517 2327 profiteor
532 2246 710 2310 meliorem.
756 2244 820 2310 Sed
841 2266 881 2310 ne
896 2246 1080 2332 Koechlyus
1097 2247 1231 2330 quidem
1245 2249 1277 2311 in
1294 2246 1383 2312 codi-

216 2365 290 2408 cum
311 2353 381 2411 tum
404 2348 610 2430 cognitorum
631 2347 794 2426 rationes,
822 2367 904 2428 quae
928 2368 1001 2412 cum
1023 2349 1109 2413 inter
1132 2348 1222 2432 ipsos
1244 2355 1314 2414 tum
1336 2347 1383 2412 eis

215 2467 289 2510 cum
321 2447 417 2513 libris
448 2448 535 2534 typis
568 2447 743 2530 descriptis
779 2447 1035 2530 intercederent,
1066 2449 1245 2532 inquisivit.
1289 2448 1383 2526 Quod

217 2567 291 2611 cum
326 2550 409 2614 satis
440 2549 683 2634 perspexissem
713 2549 853 2631 ideoque
883 2544 1121 2616 intellexissem
1150 2557 1222 2615 tum
1254 2549 1383 2612 demum

215 2647 294 2728 fore,
316 2655 355 2713 ut
376 2655 503 2714 certum
518 2649 713 2716 emendandi
723 2649 891 2733 jaceretur
906 2651 1162 2734 fundamentum,
1185 2651 1214 2716 si
1237 2650 1311 2733 quis
1327 2649 1384 2732 qui

215 2749 356 2829 neglecti
374 2751 524 2834 jacerent
543 2752 674 2818 codices
691 2749 838 2816 conferre
854 2752 1073 2835 omniumque,
1096 2773 1236 2836 quorum
1251 2751 1384 2835 quidem

214 2870 295 2914 usus
319 2857 415 2932 esset,
437 2855 582 2918 rationes
605 2852 776 2935 explorare
800 2853 1019 2936 suscepisset,
1041 2854 1075 2920 id
1098 2856 1208 2920 enisus
1232 2874 1315 2934 sum,
1337 2859 1384 2933 ut,

215 2958 374 3032 qnantum
403 2952 475 3018 fieri
504 2959 632 3036 posset,
674 2953 788 3019 oblata
823 2954 1070 3038 opportunitate
1098 2954 1266 3038 negotium
1299 2954 1383 3020 illud

216 3050 418 3119 conficerem.

770 3284 815 3363 Π.

298 3463 347 3527 Ex
369 3465 514 3546 quinque
534 3463 602 3528 illis
630 3463 814 3547 codicibus,
842 3485 925 3548 quos
948 3485 1008 3547 ego
1038 3486 1112 3529 cum
1134 3464 1279 3531 editione
1301 3465 1383 3530 1166-

213 3566 356 3645 variana,
380 3565 514 3647 quaein
537 3565 689 3630 manibus
712 3571 771 3647 est,
795 3566 928 3647 contuli,
949 3573 1018 3630 tres
1042 3571 1118 3630 sunt
1137 3564 1294 3643 Parisini,
1317 3566 1382 3630 duo

208 3687 289 3740 ,vero
312 3666 505 3748 Leidenses,
532 3686 614 3750 quos
636 3666 789 3748 Lugduni
809 3666 1011 3734 Batavorum
1037 3667 1109 3749 ipse
1136 3667 1278 3749 inspexi,
1309 3686 1383 3749 quo,

213 3924 387 3988 provinciam
404 3922 679 3987 administraverunt,
697 3929 730 3974 ut
747 3923 923 3974 Wernickins
941 3936 956 3971 6
974 3923 1101 3973 codicum
1118 3923 1238 3973 maxime
1256 3923 1383 3987 vestigiis

214 4022 310 4058 veram
327 4008 436 4058 Musaei
453 4022 567 4058 manum
585 4007 706 4071 eliceret,
726 4009 852 4058 Graefius
871 4011 966 4058 autem
984 4007 1152 4072 conjiciendi
1169 4009 1306 4058 1661111616
1328 4021 1383 4070 qna

213 4093 347 4142 utebatur
372 4093 534 4144 felicissima
561 4093 714 4159 scripturas
739 4093 832 4156 justas
858 4095 999 4158 bonasque
1028 4092 1235 4156 adsequeretur.
1275 4092 1382 4144 Eorum

215 4176 441 4233 emendationum
458 4177 593 4245 quasdam
611 4177 717 4242 recepit
735 4177 763 4226 0.
783 4176 814 4226 F.
833 4177 976 4229 Lehrsius.
