3150 4786
644 476 855 534 ...51-

303 635 393 719 ξεῖνε,
422 634 449 700 τί
474 633 661 724 μαμγαίνεις,
687 635 716 701 τί
739 663 789 722 με,
813 637 956 724 δύσμορε,
980 641 1133 725 παρθένον
1156 642 1269 722 ἕλκεις;

301 736 402 823 ἄλλην
425 742 513 824 δεῦρο
536 736 697 802 κέλευθον·
720 740 793 823 ἐμὸν
816 737 839 804 δ’
866 739 1014 805 ἀπύλειπε
1037 747 1153 827 χιτῶνα

298 845 383 924 μῆνιν
406 842 488 924 ἐμῶν
512 840 639 905 ἀπύειπε
662 841 877 905 πολυκτεύνιυν
898 844 1075 928 γενετήριυν·

167 983 196 1024 r.
221 963 281 1024 125
304 957 509 1025 offenderunt
530 960 678 1024 homines
701 959 792 1023 docti
811 959 845 1024 in
860 962 959 1025 verbo
975 959 1142 1043 ἀποειπεῖν,
1164 961 1252 1044 quod
1268 983 1338 1041 „re-

168 1060 333 1141 nuntiare,
357 1059 516 1141 abnuere,
541 1061 723 1144 denegare“
746 1081 818 1126 csse
841 1061 1056 1141 contendunt,
1080 1062 1138 1126 scd
1160 1084 1338 1145 numquam

165 1161 320 1243 „evitare,
353 1160 496 1244 fugerat
539 1162 676 1228 Lennius
707 1162 839 1245 quidem
867 1161 922 1247 [de
951 1163 1042 1244 cujus
1071 1164 1233 1228 sententia
1254 1164 1337 1245 vide,

167 1283 251 1344 quae
279 1263 429 1346 exposuit
456 1263 666 1330 Heinrichius
694 1285 725 1346 p.
748 1262 803 1346 87]
833 1283 871 1325 ex
892 1261 929 1325 Il.
951 1263 1008 1326 III.
1032 1289 1095 1329 ιυο.
1127 1263 1185 1328 ubi
1211 1263 1338 1328 Helena

166 1362 326 1426 Venerem
349 1363 400 1426 his
423 1365 532 1430 verbis
549 1365 703 1449 objurgat
717 1363 819 1446 ,θεῶν
835 1359 990 1425 δ’ἀπύειπε
1006 1363 1176 1435 κελεύθους
1192 1363 1338 1447 fugiendi

166 1464 330 1528 notionem
353 1463 511 1528 ἀποειπεῖν
532 1466 631 1531 verbo
654 1464 842 1545 vindicavit,
865 1464 923 1528 sed
942 1484 1028 1529 nunc
1050 1465 1097 1530 ibi
1116 1466 1238 1548 legitur
1254 1465 1336 1528 θεῶν

167 1562 323 1627 δ’ἀπόειπε
346 1565 497 1630 κελεύθου
527 1567 581 1653 [cf.
604 1567 657 1631 Fr.
681 1567 886 1648 Spitznerum
909 1566 951 1630 ad
974 1567 1060 1632 hunc
1082 1567 1202 1632 locum:
1226 1567 1275 1631 ed.
1299 1567 1336 1631 ll.

165 1667 180 1730 l
205 1689 233 1748 p.
260 1668 343 1752 1rc].
398 1669 494 1750 Apud
516 1669 692 1732 Homerum
715 1665 873 1729 ἀποειπεῖν
898 1674 948 1733 est
971 1674 1028 1733 aut
1050 1669 1179 1733 edicere
1202 1675 1260 1732 aut
1282 1669 1337 1732 do-

164 1789 284 1849 negare
307 1773 365 1832 aut
387 1769 525 1853 denique
547 1767 736 1832 renuntiare
758 1767 858 1832 alicui
875 1768 1016 1851 aliquid:
1038 1791 1122 1852 quae
1139 1767 1336 1850 significatio

165 1869 294 1934 duobus
322 1869 418 1943 locis,
449 1891 530 1951 quos
553 1870 664 1933 nescio
692 1890 734 1932 an
761 1868 917 1934 Musaeus
940 1875 1017 1934 ante
1040 1870 1152 1934 oculos
1174 1869 1337 1950 habuerit,

164 1971 322 2034 occurrit:
344 1969 381 2034 ΙΙ.
405 1975 452 2034 19.
474 1994 515 2051 ss,
537 1971 595 2035 ubi
617 1968 731 2034 Thetis
753 1969 914 2034 Achillem
937 1970 990 2036 ira
1012 1991 1188 2036 accensum
1210 1970 1257 2035 ita
1278 1972 1336 2036 ad·

161 2071 308 2156 loquitur
782 2121 785 2127 .

252 2167 335 2235 ἀλλάι
358 2172 391 2233 σύ
413 2169 486 2254 γἐἰς
509 2168 622 2256 ἀγορὴν
644 2170 779 2241 καλέσας
801 2171 903 2255 ἥρωας
919 2163 1090 2253 νΑχαιούς,

247 2278 333 2356 μῆνιν
358 2270 512 2338 ἀποειπὼν
532 2269 743 2356 Ἀγαμέμνονι
764 2273 884 2355 ποιμένι
907 2276 1005 2352 λαῶν,

248 2370 323 2459 αἶψα
346 2370 416 2457 μάλ’
443 2369 474 2444 ἐς
497 2375 632 2457 πόλεμον
655 2373 830 2458 θωρήσσεο,
854 2372 944 2436 δύσεο
968 2369 1106 2458 δ’ἀλκήν.

163 2474 321 2539 Similiter
342 2475 386 2540 ib.
408 2498 436 2541 v.
461 2483 501 2541 74
525 2497 572 2558 sq.

246 2578 287 2645 ὣς
311 2573 412 2661 ἔφαθ’,
436 2573 464 2638 οἱ
488 2572 678 2660 δ’ἐχύρησαν
700 2571 880 2658 ἐυκνήμιδες
900 2568 1030 2658 Ἀχαιοί

249 2681 333 2760 μῆνιν
358 2673 537 2747 ἀπειπόντος
561 2675 740 2760 μεγαθύμου
764 2672 953 2758 Πηλείωνος.

246 2778 340 2842 Hanc
364 2779 405 2843 ob
423 2799 556 2842 cansam
579 2777 673 2841 multi
696 2777 739 2841 ad
761 2777 848 2841 hunc
870 2798 1001 2842 versum
1024 2779 1206 2843 sanandum
1221 2799 1333 2843 acces-

161 2885 281 2943 serunt.
326 2878 500 2945 Passovius
537 2885 570 2943 et
599 2877 755 2942 Lehrsius
787 2879 990 2961 scripserunt
1019 2880 1137 2943 ἀλέεινε
1165 2902 1182 2943 ε
1206 2879 1332 2962 conjec-

162 2990 237 3045 tura
252 2979 453 3060 Heinrichii3
476 2979 664 3045 Teucherus
681 2981 714 3043 in
730 2980 874 3045 editione
890 3001 918 3044 a.
939 2986 1018 3048 1789
1035 2981 1189 3062 ύπύδειδε;
1211 2978 1331 3044 Jacob·
1365 3031 1370 3042 ,

163 3082 232 3146 sius
256 3080 396 3164 conjecit
421 3080 566 3162 ἀπάλευε,
588 3080 648 3144 alii
672 3081 837 3166 ἀπόφευγε.
881 3080 945 3146 Sed
973 3103 1011 3145 ox
1033 3083 1183 3147 omnibus
1206 3083 1331 3166 conjec-

160 3183 259 3262 turis,
290 3202 373 3263 quae
400 3182 550 3264 prolatae
579 3189 667 3263 sunt,
694 3203 760 3246 una
781 3187 908 3245 tantum
932 3182 1012 3246 ferri
1034 3188 1154 3264 potest,
1175 3182 1210 3245 in
1232 3203 1331 3264 quam

159 3282 347 3347 Teucherus
374 3283 408 3346 in
435 3281 541 3346 altera
564 3283 706 3348 editions
728 3303 758 3346 a.
784 3286 863 3346 1795
888 3288 921 3348 et
942 3282 1125 3367 Koechlyus
1148 3283 1169 3348 l.
1191 3283 1212 3346 l.
1236 3305 1267 3364 p.
1291 3286 1328 3345 21

159 3383 354 3447 inciderunt.
397 3381 544 3466 Uterque
567 3386 757 3470 suspicatus
785 3390 835 3449 est
864 3384 1039 3468 scripsisse
1061 3383 1232 3448 Musaeum
1257 3380 1330 3444 ἀπύ-

160 3487 255 3565 λειπε,
279 3483 332 3548 cui
355 3484 564 3566 conjecturae
579 3507 666 3550 nunc
688 3486 813 3571 aliquid
836 3487 990 3569 ponderis
1018 3486 1185 3550 accedite
1210 3483 1331 3548 codici-

159 3586 221 3651 bus
244 3607 264 3650 a
287 3585 321 3665 b,
353 3585 381 3648 si
409 3585 488 3667 quid
521 3587 728 3652 auctoritatis
759 3590 805 3652 eis
845 3586 1071 3652 attribundum
1104 3592 1163 3650 est.
1221 3583 1331 3649 (lodex

483 3689 502 3748 λ

158 3773 179 3836 b
202 3772 287 3835 enim
309 3771 410 3836 habet
434 3771 560 3833 ἀποειπε
583 3769 617 3859 (λ
640 3771 682 3836 ab
706 3770 821 3835 eadem
843 3791 942 3834 manu
965 3769 1225 3854 superscriptum
1248 3768 1329 3857 est);

158 3872 261 3936 codex
283 3893 303 3936 a
326 3870 475 3934 ἀπύλειπε
498 3872 531 3956 (λ
554 3871 700 3954 nigriore
723 3875 905 3936 atramento
925 3871 1085 3936 insertum
1100 3870 1173 3960 est.)
1203 3869 1330 3935 Nihilo-

158 3973 265 4038 minus
287 3973 577 4057 persuasissimum
600 3971 681 4038 mihi
696 3979 747 4036 est
761 3970 969 4036 vehementer
991 3972 1062 4036 falli
1083 3993 1148 4053 eos,
1171 3971 1227 4054 qui
1242 3971 1330 4035 hunc

158 4095 289 4140 versum
320 4075 550 4158 corrigendum
579 4093 652 4139 esse
679 4079 844 4138 censeant.
889 4071 1019 4138 Etenim
1042 4074 1075 4136 in
1097 4073 1213 4153 Nonni,
1240 4071 1329 4156 apud

158 4197 255 4259 quem
286 4173 445 4238 ἀποειπεῖν
466 4176 564 4241 cebro
588 4175 742 4254 occurrit,
769 4196 864 4239 usum
887 4175 1128 4257 inquirentibus
1152 4174 1329 4238 obscurum

158 4298 231 4342 esse
255 4278 368 4360 nequit
390 4277 504 4343 codem
527 4282 626 4361 atque
648 4277 702 4342 hic
726 4297 825 4342 sensu
846 4276 927 4341 illud
950 4297 1014 4340 uno
1039 4276 1155 4340 saltem
1180 4274 1252 4339 loco
1276 4293 1328 4338 ex-
