3150 4786
691 411 902 472 ,44-

214 575 299 642 hunc
320 577 428 642 locum
451 578 499 641 ita
522 596 641 642 sanare
665 577 728 643 sibi
752 577 841 642 visus
865 584 925 658 est,
947 583 984 641 ut
1006 599 1102 643 versu
1126 585 1165 640 t'b'
1188 582 1264 658 post
1286 599 1314 642 v.
1340 583 1379 642 76

209 679 411 762 transposito
434 678 482 743 ita
505 678 666 743 scriberet

295 819 333 877 76
357 809 442 898 τοίην
466 809 591 876 δὀὔποτ’
616 809 724 875 ὄπωπα
748 813 818 897 νέην
840 812 977 897 κέδνηνδ’
1004 811 1160 896 ἁπαλήντε

296 919 334 976 66
361 913 511 998 ἀτρεκέως
535 911 648 998 ἱέρειαν
670 911 790 985 ἐπάξιον
813 914 922 999 εδρατο
945 912 1060 998 Κύπρις

298 1021 336 1079 77
360 1011 411 1077 καὶ
434 1014 516 1100 τάχα
539 1012 655 1100 Κύπρις
679 1012 746 1100 ἔχει
762 1011 907 1100 Χαρίτων
931 1011 1001 1098 μίαν
1023 1015 1226 1101 ὁπλοτεράων.

207 1151 297 1216 Haec
332 1173 406 1217 oum
434 1151 564 1215 omnino
592 1172 656 1216 non
680 1157 756 1215 sunt
778 1157 913 1216 venuste
936 1151 1035 1233 diota,
1058 1159 1127 1216 tum
1146 1153 1219 1236 jure
1242 1152 1378 1217 offendi·

208 1273 281 1316 mus
304 1254 337 1316 in
359 1251 495 1316 Veneris
518 1254 647 1318 nomine
677 1253 728 1317 bis
758 1253 875 1338 posito.
920 1251 1003 1318 Nam
1031 1254 1094 1317 etsi
1116 1254 1264 1338 ejusdem
1285 1252 1377 1318 verbi

206 1353 397 1419 iterationes
406 1353 592 1438 frequentes
609 1375 681 1420 esse
694 1356 781 1438 apud
789 1355 940 1420 Nonnum
957 1355 1091 1439 ejusque
1113 1359 1293 1420 sectatores
1301 1375 1378 1419 oon·

206 1454 370 1536 cedamus,
385 1455 603 1538 reputandum
619 1463 727 1520 tamen
747 1462 799 1521 est
813 1463 928 1538 poetas
941 1455 1107 1521 illostales
1118 1455 1377 1520 nonadhibnisse

207 1556 270 1618 nisi
293 1555 340 1618 eis
362 1556 458 1635 locis,
484 1577 565 1639 quos
588 1557 619 1621 vi
642 1558 785 1640 quadam
808 1558 995 1642 emphatica
1018 1557 1115 1622 effere
1138 1557 1269 1622 vellent.
1312 1555 1376 1621 Hic

209 1677 283 1720 vero
308 1653 423 1740 Κύπρις
445 1657 528 1722 illud
550 1659 630 1741 quid
652 1681 734 1744 opus
757 1667 808 1725 est
827 1660 959 1742 urgere!
983 1659 1146 1736 Quocirca
1161 1680 1225 1723 non
1249 1657 1375 1738 dubito,

206 1759 284 1841 quin
313 1779 427 1823 versus
458 1765 496 1822 76
524 1767 556 1824 et
580 1765 618 1824 66
651 1782 710 1826 suo
737 1763 876 1846 quisque
902 1762 976 1827 loco
1013 1760 1177 1826 retinendi
1212 1760 1284 1823 siut.
1333 1759 1376 1823 Et

207 1861 336 1924 omnino
353 1861 608 1942 emendationes,
631 1884 715 1945 quae
737 1863 993 1946 transpositione
1015 1862 1107 1941 fiunt,
1131 1861 1194 1925 etsi
1216 1881 1376 1926 nonnum-

204 1982 303 2044 quam
335 1961 481 2027 habeant
511 1984 575 2046 quo
604 1965 794 2046 probabiles
823 1963 1012 2044 videantur,
1040 1969 1153 2028 tamen
1182 1963 1375 2026 cautissime

206 2062 429 2127 admittendae
446 2071 530 2146 sunt,
553 2065 642 2147 quod
656 2070 725 2130 tam
747 2067 920 2150 multiplex
943 2064 1077 2129 errandi
1099 2064 1229 2128 occasio
1251 2063 1374 2145 ubique

206 2183 239 2226 se
268 2162 372 2245 offert,
401 2169 437 2228 ut
466 2187 531 2230 non
555 2167 637 2230 satis
661 2188 775 2233 cavere
797 2167 919 2252 possis,
950 2186 990 2230 ne
1012 2165 1047 2228 in
1068 2185 1213 2230 errorem
1235 2163 1374 2230 incidas.

205 2263 299 2342 Quod
322 2266 434 2330 dicens
458 2267 498 2331 de
514 2268 580 2332 alia
595 2269 852 2350 transpositione
869 2268 978 2350 cogito
995 2289 1015 2333 a
1029 2266 1196 2350 Koechlyo
1212 2266 1232 2331 l.
1247 2265 1268 2330 l.
1284 2288 1316 2350 p.
1335 2270 1372 2329 19

199 2368 442 2432 commendata.
493 2368 688 2434 Offendebat
717 2371 803 2434 enim
836 2375 869 2434 et
892 2371 1067 2433 Passovius
1101 2372 1134 2434 et
1162 2367 1312 2432 Moabius
1342 2367 1375 2430 in

203 2488 230 2530 ν.
258 2470 332 2544 280,
369 2491 465 2554 quem
495 2493 569 2536 cum
601 2470 739 2536 eundern
768 2491 899 2536 sensum
931 2489 970 2535 ac
998 2490 1129 2536 versum
1160 2474 1222 2532 274
1250 2468 1374 2533 habere

204 2573 370 2651 putarent,
392 2576 485 2635 textu
501 2572 703 2655 expulerunt.
742 2572 852 2654 Longe
875 2592 950 2636 vero
974 2570 1075 2636 aliam
1096 2571 1184 2634 viam
1206 2571 1374 2652 ingressus

63 2627 70 2744 i
122 2630 144 2714 4
205 2677 256 2735 est
277 2671 472 2755 Koechlyua
496 2673 552 2756 qui
575 2695 705 2738 versum
728 2643 789 2754 28b
812 2679 888 2738 ante
910 2696 938 2738 v.
956 2679 1017 2738 274
1039 2671 1246 2756 transposuit
1267 2669 1375 2735 verbis

205 2767 257 2832 καὶ
279 2769 375 2856 γάμος
389 2771 426 2857 ἢν
441 2774 474 2838 in
489 2772 525 2857 ἦν
547 2774 644 2858 γάμος
669 2775 734 2839 ἀλλ’
761 2776 897 2858 insuper
920 2773 1066 2853 mutatio,
1090 2773 1139 2837 ita
1160 2779 1197 2837 ut
1213 2771 1375 2837 scriberet

91 2865 97 3017 Ι
131 2925 153 3012 Λ
289 2879 350 3024 28ά
373 2924 409 3008 ἦν
431 2925 527 3008 γάρος
552 2926 618 2990 ἀλλ’
646 2925 819 2989 ἀπάνευθεν
843 2923 1029 3008 ἀειδομένων
1051 2919 1201 3007 ὑμεναίων

289 3030 351 3090 274
372 3024 408 3109 ἦν
430 3024 525 3109 γάμος
552 3026 617 3090 ἀλλ’
646 3029 821 3111 ἀχόρευτος.
845 3023 899 3110 ἔην
928 3026 1029 3112 λέχος,
1055 3024 1121 3090 ἀλλ’
1148 3022 1220 3109 άπερ
1243 3021 1351 3106 ὕμνων.
1394 3076 1396 3080 .

288 3176 591 3259 Ingeniosissimam
614 3201 686 3245 esse
708 3179 793 3244 hanc
808 3179 1068 3245 emendationem
1084 3179 1236 3262 quianon
1251 3176 1376 3255 videat,

205 3277 262 3340 sed
285 3279 357 3361 quis
380 3301 445 3344 non
468 3281 569 3346 etiam
591 3281 736 3345 fateatur
757 3281 968 3346 audaciorem
984 3301 1057 3345 eam
1072 3299 1154 3358 esse,
1177 3300 1276 3362 quam
1292 3296 1376 3360 quae

204 3378 330 3444 Musaei
352 3381 454 3445 verba
476 3382 615 3446 reddere
636 3382 784 3464 putetur!
838 3382 906 3446 Nec
933 3401 1008 3445 vero
1036 3379 1265 3445 emendatione
1292 3398 1375 3460 opus

204 3486 264 3546 est.
308 3483 371 3560 Qui
393 3483 479 3546 enirn
502 3482 749 3566 exstirpandum
770 3482 917 3547 funditus
938 3501 1068 3547 versum
1086 3479 1179 3544 illum
1195 3487 1253 3546 aut
1266 3487 1376 3544 trans-

202 3583 389 3666 ponendum
420 3589 587 3666 censeant,
621 3589 775 3667 reputent
806 3584 902 3649 velim
929 3581 1171 3649 substantivum
1193 3579 1289 3663 γάρος
1312 3601 1377 3645 non

204 3685 336 3767 nuptias
360 3684 473 3767 solum,
498 3687 557 3752 scd
579 3687 679 3752 etiam
701 3686 811 3771 ipsum
834 3686 1047 3752 concubitum
1064 3681 1260 3768 significare.
1288 3681 1376 3746 Raro

204 3786 336 3870 quidem
357 3787 392 3851 id
415 3787 535 3852 dicitur
558 3810 578 3852 a
599 3789 765 3854 veteribus
789 3787 940 3868 Graecis,
971 3786 1029 3851 sed
1053 3805 1151 3867 saepe
1174 3804 1195 3847 a
1216 3781 1376 3847 recentio-

203 3886 312 3952 ribus:
336 3889 375 3950 ct'.
398 3887 506 3953 Nonni
526 3889 659 3974 Dionys.
686 3894 734 3955 15.
755 3915 783 3953 rr
812 3910 858 3972 sq.

331 4003 517 4091 παρθενικὴν
539 4005 714 4089 ἀδάμαοεον
742 4004 918 4088 ἀτάσθαλον
941 4005 983 4075 εἰς
1007 4003 1104 4088 γάμον
1126 4001 1225 4064 ἕλκων

331 4103 451 4192 σφίγξεν
474 4105 546 4192 ὑπέρ
570 4107 721 4171 δαπέδοιο.

204 4227 250 4305 lb.
276 4232 324 4303 16,
348 4250 416 4317 rm,
438 4249 502 4307 νοις
526 4248 591 4302 2913
614 4249 675 4309 ³²⁷3
699 4249 760 4307 ³³⁰3
783 4251 840 4296 aas.
