3150 4786
679 477 711 486 .-
761 441 886 502 53-

284 602 382 668 Aliud
409 604 525 670 vitium
555 607 811 690 deprehendisse
840 607 905 672 sibi
931 607 1020 670 visus
1047 612 1099 672 est
1125 607 1313 694 Koechlyus
1336 611 1369 673 in

200 705 308 769 verbis
331 701 432 789 ἄλλην
455 707 543 791 δεῦρο
566 707 732 774 κέλευθονι
758 729 841 792 quae
865 730 882 772 e
906 708 1004 772 simili
1021 709 1159 792 jubendi
1182 711 1274 776 verbi
1296 731 1367 792 usu,

200 805 257 888 qui
285 811 336 869 est
361 809 450 888 apud
480 809 657 876 Homerum
679 810 716 875 ΙΙ.
745 814 791 874 13.
814 832 859 874 iss
886 811 935 871 νῦν
957 803 1070 895 θᾶρχ’,
1092 809 1176 894 ὅππη
1202 835 1235 875 σε
1258 809 1369 898 κραδίη

200 905 298 990 θυμός
320 929 354 969 τε
376 907 497 973 κελεύει
520 916 552 976 et
574 911 633 977 Od.
658 919 686 977 4.
702 935 746 978 ιιι
773 909 992 994 κελευσέμεναι
1013 911 1045 976 δέ
1067 905 1227 994 σ’ἔμελλεν
1243 909 1369 998 δαίμων,

198 1009 246 1072 ita
269 1011 420 1092 correxit,
440 1017 478 1075 ut
501 1012 661 1077 scriberet
685 1009 785 1096 ἄλλην
809 1015 897 1097 δεῦρο
913 1011 1067 1078 κέλευσον.
1097 1013 1191 1078 Hanc
1207 1017 1371 1102 conjectu·

200 1130 271 1174 ram
300 1111 416 1176 melius
445 1135 522 1178 sane
545 1135 620 1178 cum
642 1114 743 1179 totius
766 1115 831 1180 loci
853 1115 981 1181 ratione
1003 1115 1174 1182 convenire
1198 1137 1291 1182 nemo
1315 1138 1370 1182 ne-

200 1210 307 1290 gabit:
329 1233 389 1277 nec
410 1213 516 1279 Nonni
539 1217 722 1298 exemplum
745 1218 854 1298 deest,
885 1237 948 1299 quo
975 1218 1077 1282 talem
1101 1218 1297 1284 sententiam
1318 1218 1372 1282 hic
1449 1278 1456 1288 .

200 1312 361 1392 postulari
393 1314 644 1384 demonstretur.
690 1318 866 1385 Simillima
893 1319 979 1384 enim
1008 1324 1084 1384 sunt
1106 1318 1207 1383 verba
1227 1317 1371 1384 Nicaeae

200 1412 332 1479 Baccho
354 1417 552 1484 resistentis:
575 1420 706 1506 Dionys.
733 1425 780 1484 16.
801 1443 846 1488 us

330 1546 431 1635 ἄλλην
453 1549 545 1636 ditae,
569 1552 685 1640 Βάκχε,
709 1555 780 1639 νέην
802 1555 975 1639 πειθὴμονα
998 1555 1127 1643 νύμφην.

202 1684 266 1749 Sed
298 1687 385 1768 quod
407 1688 463 1752 ille
484 1690 677 1771 suspicatur
700 1691 910 1757 scribendum
933 1713 1005 1757 esse
1028 1689 1129 1777 ἄλλην
1152 1694 1241 1776 δεῦρο
1264 1691 1372 1757 κέλευ-

202 1807 268 1868 σον,
291 1787 326 1851 id
349 1809 407 1870 ego
431 1791 646 1872 comprobare
669 1797 846 1874 propterea
867 1814 932 1858 non
954 1814 1104 1875 possum,
1134 1795 1212 1876 quia
1234 1795 1373 1879 jubendi

201 1887 337 1952 verbum
364 1889 605 1956 incommodum
635 1898 686 1956 est
715 1900 747 1957 et
775 1893 844 1958 fere
867 1893 1023 1976 ineptum.
1067 1893 1174 1970 Quare
1195 1895 1307 1960 nescio
1330 1917 1373 1959 an

200 1995 289 2052 recte
319 1991 517 2076 conjiciatur
549 1995 709 2077 scriptum
742 1994 844 2058 fuisse
881 1994 947 2059 leni
974 1996 1164 2062 litterarum
1191 1999 1373 2062 mutatione

201 2089 306 2158 factae
328 2087 429 2174 ἄλλην
452 2093 540 2178 δεῦρο
563 2093 720 2176 κάλεσσον,
743 2097 832 2178 quod
854 2094 964 2179 ipsum
985 2095 1090 2160 videri
1112 2101 1222 2179 potest
1243 2117 1373 2179 expres-

202 2211 272 2256 sum
308 2213 380 2258 esse
417 2215 435 2258 e
468 2194 575 2260 Nonni
603 2197 735 2282 Dionys,
772 2203 822 2261 46.
855 2221 900 2262 nco
937 2194 1067 2260 Πενθέα
1097 2199 1185 2282 δεῦρο
1215 2195 1372 2260 κάλεσσον.

200 2293 335 2359 Nonnus
365 2301 476 2360 autem
504 2303 581 2362 ante
608 2297 720 2364 oculos
744 2298 861 2363 habuit
882 2297 1070 2380 Homerum,
1092 2299 1182 2382 apud
1203 2319 1300 2381 quem
1323 2305 1375 2364 est

200 2394 238 2460 Il.
269 2401 316 2462 15.
339 2421 367 2462 ιι
835 2395 887 2464 καὶ
911 2402 999 2485 δεῦρο
1028 2399 1179 2463 κάλεσσον

398 2527 477 2617 Ἴρὶν
499 2535 521 2595 τ’
547 2533 712 2616 ἐλθέμεναι
735 2531 786 2598 καὶ
803 2529 991 2598 Ἀπόλλωνα
1020 2534 1207 2605 κλυτότοξον.

287 2768 436 2833 Leander
458 2769 621 2835 Heronem
644 2771 696 2834 his
719 2770 826 2835 verbis
849 2770 1004 2852 implorat
1025 2792 1052 2835 v.
1080 2776 1138 2836 148

330 2902 381 2966 σὸν
404 2899 537 2987 δ’ἱκέτην
561 2928 598 2988 με
621 2903 727 2987 κόμιζε
750 2902 810 2987 καὶ,
833 2905 870 2988 ἢν
892 2903 1017 2989 έθέλης,
1040 2900 1238 2988 παρακοὶτην.

204 3036 315 3122 έπέτην
336 3059 396 3123 pro
420 3035 523 3122 ἱκέτην
544 3041 681 3122 conjecit
696 3041 736 3105 M.
752 3040 917 3122 Hauptius
940 3040 973 3103 in
995 3039 1061 3103 ind.
1085 3040 1159 3104 lect.
1183 3040 1268 3104 univ.
1285 3040 1376 3104 Beri-

202 3140 267 3203 lon.
285 3160 361 3204 sem.
378 3140 474 3206 hiem.
493 3145 658 3206 leet-eo
682 3163 711 3224 p.
736 3145 857 3206 10—11
883 3141 981 3224 idque
1003 3139 1175 3204 verissime
1189 3140 1377 3205 restitutum

204 3261 277 3304 esse
300 3241 427 3304 censuit
442 3241 626 3326 Koechlyus
642 3265 672 3326 p.
697 3247 738 3306 20
759 3241 903 3307 Palatini
925 3241 1124 3325 scripturam
1140 3239 1270 3324 οἰκέτην,
1293 3261 1377 3324 quae

205 3342 305 3405 etiam
325 3340 359 3404 in
380 3340 401 3406 S
419 3349 479 3423 est,
507 3343 651 3425 glossam
672 3342 783 3428 ἑπέτην
803 3343 893 3408 vocis
916 3362 988 3407 esse
1012 3342 1210 3424 suspicatus.
1253 3339 1378 3406 Vereor

205 3449 325 3524 tamen,
348 3464 389 3508 ne
413 3445 447 3508 in
469 3467 613 3511 errorem
643 3445 819 3511 inciderint
846 3444 907 3508 viri
929 3443 1150 3509 eruditissimi.
1193 3441 1278 3507 Nam
1300 3441 1379 3506 alibi

204 3565 333 3627 quoque
352 3545 390 3625 is,
413 3547 470 3629 qui
486 3568 506 3611 a
520 3547 631 3629 puella
646 3551 684 3611 ut
709 3547 819 3628 ipsum
840 3551 928 3610 amet
950 3545 1083 3628 expetit,
1106 3541 1209 3628 ἱκέτης
1233 3543 1378 3628 appella-

203 3653 272 3710 tur:
304 3645 343 3712 ci.
366 3648 467 3729 epigr.
491 3647 586 3712 Pauli
608 3647 789 3711 Silentiarii
809 3645 940 3710 Anthol.
961 3644 1029 3710 Pal.
1053 3645 1089 3710 V.
1113 3651 1173 3711 256

332 3781 439 3863 ὤμοσα
467 3781 525 3866 γὰρ
554 3779 730 3868 λυκάβαντα
760 3780 859 3864 μένειν
887 3777 1060 3844 ἀπάνευθεν
1083 3775 1217 3864 ἐκείνης·

331 3883 356 3945 ὦ
381 3881 481 3944 πόποι·
506 3882 572 3947 ἀλλ’
600 3881 702 3966 ἱκέτης
725 3883 838 3967 πρώῖος
864 3877 953 3951 εὐθὺς
977 3878 1060 3966 ἔβην.

206 4015 295 4094 Quae
319 4013 421 4101 ἱκέτης
443 4018 533 4084 vocis
557 4017 754 4100 significatio
776 4016 864 4082 unde
886 4015 1046 4098 originem
1067 4017 1221 4098 traxerit,
1253 4039 1291 4082 ex
1315 4016 1378 4084 hoo

205 4117 312 4182 Nonni
333 4136 431 4182 versu
452 4119 666 4202 perspicitur:
688 4117 820 4202 Dionys.
847 4123 895 4184 16.
916 4142 960 4184 νον

333 4233 458 4324 Βάκχος
480 4235 496 4297 ὁ
518 4237 662 4322 τολμήεις
686 4233 788 4320 ἱκέτης
812 4235 887 4299 πέλε
911 4232 1014 4324 λάτρις
1036 4233 1184 4324 Ἐρώτων
