3150 4786
282 1527 428 1594 Parisios
450 1546 525 1592 cum
547 1525 668 1591 abhinc
690 1547 818 1592 menses
841 1547 956 1594 novem
978 1547 1016 1592 eo
1038 1524 1268 1610 proficiscerer
1291 1547 1366 1592 con-

199 1629 289 1712 silio,
319 1635 356 1694 ut
378 1630 525 1710 linguam
550 1628 818 1710 francogallicam
844 1631 1074 1712 perdiscerem,
1103 1631 1367 1711 praetermitten-

199 1731 275 1795 dam
295 1731 377 1796 mihi
398 1751 464 1795 non
486 1749 558 1794 esse
581 1730 809 1796 existimabam
837 1733 995 1816 optimam
1016 1731 1108 1796 illam
1137 1733 1367 1816 egregiamque

198 1833 405 1897 occasionem
428 1831 572 1916 codices,
602 1833 722 1916 quibus
751 1832 1019 1914 splendidissima
1040 1833 1245 1900 bibliotheca
1265 1833 1367 1919 impe·

198 1933 292 1998 rialis
314 1933 471 2014 abundat,
493 1933 701 2000 examinandi
723 1940 822 2018 atque
838 1936 1033 2002 excutiendi.
1076 1936 1141 2001 Sed
1161 1956 1367 2019 0111010000-

199 2036 275 2101 dam
297 2037 341 2102 ad
361 2041 477 2118 poetas
500 2033 702 2101 Graecorum
724 2037 834 2120 epicos
858 2039 988 2104 delatus
1011 2043 1044 2103 ct
1067 2059 1123 2104 eos
1146 2037 1288 2122 quidem,
1310 2037 1367 2122 qui

197 2137 305 2202 Nonni
326 2143 438 2203 aetate
460 2137 641 2203 floruerunt
666 2138 801 2222 ejusque
824 2145 857 2203 et
886 2139 1017 2206 dicendi
1044 2141 1312 2206 consuetudinem
1335 2145 1368 2204 01

196 2259 350 2304 versuum
377 2239 602 2306 faciendorum
633 2261 782 2305 normam
809 2241 932 2306 imitati
962 2247 1055 2324 sunt,
1088 2242 1261 2307 consilinm
1294 2239 1367 2324 cepi

198 2359 310 2406 eornm
334 2340 534 2422 carminibus
551 2342 764 2407 emendandis
780 2365 879 2427 quam
897 2343 1074 2409 maximam
1088 2365 1221 2428 possem
1236 2341 1367 2409 adferre

198 2443 385 2508 utilitatem.
429 2443 500 2520 Quo
527 2443 562 2508 in
590 2445 727 2510 consilio
751 2445 959 2529 exsequendo
981 2445 1029 2510 ita
1051 2451 1202 2510 versatus
1227 2466 1307 2528 sum,
1329 2447 1368 2508 ut

199 2545 358 2627 codicum,
382 2545 439 2629 qui
460 2547 606 2611 carmina
628 2547 760 2612 illorum
781 2553 954 2631 poetarum
969 2547 1147 2630 continent,
1169 2547 1265 2624 alios,
1288 2567 1367 2630 quo-

198 2668 271 2711 rum
289 2649 359 2732 jam
379 2646 472 2730 prior
491 2647 599 2713 fuerat
615 2669 703 2730 usus,
726 2647 922 2732 inspicerem
939 2650 1044 2714 denuo
1061 2670 1100 2714 ac
1121 2649 1367 2732 perlustrarem,

198 2749 283 2814 01100
306 2749 349 2814 ad
370 2749 405 2813 id
426 2769 531 2832 usqne
553 2755 682 2832 tempus
706 2749 873 2832 neglectos
894 2751 1035 2833 primum
1050 2750 1244 2816 conferrem.
1274 2747 1368 2814 Nunc

197 2871 348 2918 reversus
371 2854 405 2916 in
419 2852 572 2936 patriam,
594 2873 635 2916 ne
649 2851 746 2915 nimis
763 2850 820 2916 diu
836 2851 939 2934 quiin
954 2850 1017 2916 hoc
1038 2851 1226 2917 litterarum
1249 2855 1372 2935 genere

197 2959 417 3037 versarentur,
439 2973 598 3020 novarum
622 2953 790 3034 copiarum
806 2972 868 3016 usu
882 2949 1127 3035 fraudarentur,
1143 2951 1307 3037 specimen
1327 2951 1367 3016 de

197 3053 328 3119 illorum
349 3061 523 3138 poetarum
537 3053 727 3119 hexametro
743 3054 820 3118 olim
835 3053 1025 3120 incohatum
1047 3075 1203 3138 seponere
1219 3053 1368 3137 aliquan·

198 3155 303 3240 trsper
324 3163 357 3223 0
378 3177 439 3239 pro
461 3157 587 3222 viribus
613 3155 695 3220 meis
724 3155 759 3219 in
781 3161 885 3220 artem
909 3155 1061 3221 criticam
1083 3153 1328 3221 exercendam
1318 3175 1368 3217 111-

198 3259 352 3325 cumbere
374 3278 439 3324 non
462 3257 556 3324 dubit
542 3257 619 3322 tavi.
664 3259 833 3341 Quapropt
836 3279 871 3322 er
892 3255 1029 3340 Musaei,
1052 3278 1116 3341 quo
1139 3277 1234 3322 nemo
1248 3254 1367 3320 melius

197 3359 380 3426 Nonnum
370 3361 429 3424 imi
431 3334 540 3425 tatus
547 3366 606 3442 est,
629 3380 762 3425 carmen
784 3359 824 3425 de
846 3355 954 3426 Herus
976 3365 1011 3426 et
1032 3357 1175 3425 Leandri
1198 3356 1372 3422 amoribus

198 3462 416 3578 compositum
439 3411 666 3528 accuratidst
667 3470 741 3529 ract
727 3461 864 3528 tandum
886 3462 968 3527 mihi
996 3459 1133 3544 sumpsi
1176 3457 1259 3525 (ium
1281 3456 1368 3522 enim

197 3563 278 3627 mihi
305 3571 382 3629 cont
382 3563 573 3648 ingeret,u
552 3565 748 3632 utcodices
772 3563 855 3629 alios
878 3563 1058 3629 conferrem
1079 3563 1188 3626 minus
1211 3563 1367 3626 accurate

198 3665 409 3748 examinatos,
434 3666 516 3732 alios
539 3687 560 3730 0
579 3666 668 3732 nullo
690 3685 849 3748 umquam
871 3662 1001 3728 adhibit
987 3669 1039 3728 100
1061 3663 1249 3745 reperirem,
1278 3659 1368 3725 haud

195 3767 362 3849 ingratum
390 3767 460 3833 fore
482 3767 596 3852 putavi
618 3767 681 3848 010,
711 3766 831 3850 quibus
858 3765 989 3829 haecs
991 3763 1084 3828 ntdia
1107 3763 1200 3828 cordi
1223 3767 1308 3844 sunt,
1339 3761 1368 3824 si

196 3869 260 3934 hac
284 3869 450 3935 scribendi
475 3876 593 3953 opport
594 3869 688 3934 unita
668 3874 722 3933 010
750 3867 799 3932 110
820 3888 843 3930 u
844 3870 1011 3948 terer,ut
974 3865 1080 3930 utde
1102 3862 1230 3929 Musaei
1260 3882 1368 3928 emen-

198 3971 330 4037 datione
353 3971 481 4056 aliquid
503 3971 756 4038 conscriberem

279 4073 318 4138 In
340 4072 404 4138 hac
427 4094 528 4158 opera
549 4073 598 4137 ita
619 4071 786 4152 versabor,
807 4077 845 4135 ut
866 4070 1007 4153 primum
1030 4067 1070 4132 dc
1092 4072 1202 4131 textus
1224 4064 1368 4130 historia

197 4175 419 4260 carminisque
441 4175 634 4243 condicione
661 4172 781 4239 critica
803 4171 948 4238 breviter
971 4169 1096 4250 dicam,
1129 4166 1248 4233 deindo
1277 4165 1368 4231 codi-

169 4293 171 4295 ,
1128 4268 1165 4322 ¹,
