3150 4786
652 457 863 518 ...49-

172 623 331 706 ptoribus
355 623 455 686 alium
479 642 575 687 usum
599 621 766 704 placuisse
797 626 940 702 constat,
969 623 1081 705 spicae
1103 628 1214 686 tamen
1237 623 1346 703 poesis

174 725 309 808 propria
338 723 469 788 videtur
498 743 570 787 esse
600 723 723 806 forma,
758 743 842 806 quae
872 722 985 788 littera
1014 745 1031 783 0
1058 731 1158 788 caret.
1209 724 1344 788 Nonnus

173 833 259 890 certe
289 824 392 890 habet
423 821 574 894 ἄκλαυτος
603 823 734 912 Dionys.
763 831 848 905 3,1e1.
881 829 991 905 12‚22⁵;
1015 823 1220 909 φιλύκλαυτος
1251 830 1344 910 3,ιια;

173 932 266 1008 5,eee;
289 922 467 1010 ἐρίκλαοτος
493 932 605 1008 11,ιοο;
633 926 845 994 πολύκλαυτος
869 931 945 1006 duta
970 925 1122 1009 idemque
1145 923 1345 1010 Tryphiodo·

172 1047 230 1091 rus
260 1049 289 1091 v.
320 1031 391 1091 390.
421 1025 510 1094 ,Nec
540 1027 750 1092 destituimur
778 1027 929 1090 codicum
959 1027 1174 1107 auctoritate,
1206 1047 1345 1110 quorum

172 1151 201 1194 ν.
225 1133 284 1192 236
307 1127 371 1192 θοι
402 1131 435 1190 et
459 1127 476 1211 β
498 1128 658 1209 praebent
681 1127 922 1208 potestativum,
946 1137 979 1194 et
1001 1151 1028 1194 v.
1053 1134 1113 1193 332
1136 1125 1346 1210 βπολυκλαύ-

175 1253 267 1314 τοισι,
294 1229 382 1294 idem
405 1234 456 1292 est
478 1229 513 1292 in
535 1229 570 1310 R,
594 1231 652 1294 sed
674 1231 717 1295 ab
741 1230 848 1294 altera
869 1251 968 1295 manu
989 1230 1137 1296 radendo
1161 1235 1346 1294 correctum

175 1351 215 1394 ex
237 1327 501 1394 πολυκλαύστοισι.

257 1431 381 1498 Contra
396 1430 508 1513 paullo
523 1431 683 1496 incertius
700 1439 760 1514 est,
784 1435 813 1498 si
833 1435 984 1500 codicum
1006 1433 1238 1498 auctoritatem
1254 1451 1346 1514 spec·

172 1540 242 1613 tas,
269 1553 347 1596 num
374 1555 402 1596 v.
433 1537 489 1596 101
524 1539 609 1597 etv.
638 1537 699 1597 213
727 1533 883 1600 Musaeus
915 1536 1087 1619 scripserit
1113 1531 1266 1596 ὀπιπεύειν
1292 1555 1345 1598 ex-

171 1639 282 1716 empta
311 1634 423 1698 littera
453 1655 469 1694 τ
494 1654 605 1699 necne.
656 1635 793 1700 Praeter
822 1637 848 1700 B
880 1639 978 1719 enim,
1008 1638 1065 1720 qui
1093 1657 1121 1700 ν.
1152 1641 1213 1700 213
1244 1634 1347 1700 habet

172 1733 335 1816 ὀπιπεύων,
365 1735 477 1800 nullus
504 1734 597 1798 iilam
625 1735 765 1802 formam
787 1739 1004 1820 commendat,
1031 1737 1096 1802 nisi
1126 1736 1342 1802 fortev.101

173 1837 209 1899 in
232 1836 462 1918 corruptelaP
485 1832 603 1898 ὀπεύων
624 1836 730 1901 latere
754 1859 826 1902 eam
849 1839 1040 1904 credideris
1079 1835 1143 1901 Sed
1165 1858 1205 1900 ne
1227 1836 1261 1901 in
1284 1835 1345 1900 hoc

173 1937 306 2019 quidem
328 1938 427 2002 verbo
450 1959 471 2002 a
492 1937 617 2019 Nonno,
645 1940 702 2022 qui
732 1961 860 2023 semper
882 1939 1035 2003 ὀπιπεύειν
1062 1944 1211 2019 usurpat,
1240 1935 1345 2000 disce-

172 2036 315 2104 dendum
331 2045 390 2104 est.
429 2039 522 2116 Quod
538 2045 574 2102 ut
590 2040 732 2123 credam,
755 2063 793 2106 eo
809 2044 947 2107 maxime
964 2041 1120 2119 adducor,
1143 2038 1232 2122 quod
1253 2037 1345 2119 prius

171 2137 417 2204 hemistichium
440 2140 482 2205 ab
503 2141 575 2224 ipso
596 2140 690 2206 Nono
715 2142 942 2225 depromptum
966 2150 1029 2207 est:
1054 2141 1092 2204 ci.
1107 2139 1240 2224 Dionys.
1264 2143 1341 2220 32,ιι

258 2269 309 2335 καί
334 2269 383 2356 μιν
406 2275 558 2338 ὀπιπεύων
581 2271 733 2360 Κρονίδης
756 2270 886 2360 ἐξείρετο
911 2274 1010 2360 μύθῳ.

256 2441 429 2526 Reliquum
445 2449 495 2509 est
517 2451 555 2509 ut
574 2445 666 2512 locos
689 2446 864 2512 nonnullos
887 2450 1128 2528 pertractemus
1151 2443 1202 2507 vel
1225 2441 1344 2508 dubios

172 2543 224 2608 vel
247 2541 418 2608 doctorum
442 2545 640 2628 conjecturis
663 2552 788 2611 temere
810 2552 966 2612 tentatos.

256 2645 305 2709 De
328 2643 458 2710 Herone
481 2647 564 2710 haec
587 2647 688 2711 verba
711 2647 791 2712 facit
814 2654 911 2730 poeta
933 2670 960 2713 u.
984 2649 1022 2709 56
1048 2665 1117 2728 sqq.

256 2747 275 2830 ἡ
305 2743 339 2810 δὲ
369 2745 442 2829 θεῆς
474 2743 531 2808 ἀνὰ
567 2745 637 2828 νηὸν
664 2748 802 2832 ἐπῴχετο
839 2747 989 2830 παρθένος
1019 2741 1110 2828 Ἥρὼ

259 2845 458 2932 μαρμαρυγὴν
480 2841 638 2930 χαρίεντος
662 2848 920 2933 ἀπαστράπτουοα
942 2847 1115 2931 προσώπου.

173 2949 200 3012 Ε
232 2949 249 3032 β
279 2948 424 3012 familiae
457 2947 626 3012 codicibus
653 2947 820 3030 volgatum
847 2955 919 3014 erat
952 2945 1151 3033 μαρμαρυγὴν
1180 2941 1346 3030 χαρίεσσαν

175 3054 250 3114 ante
267 3048 476 3132 Stephanum,
500 3049 615 3131 quiex
637 3049 779 3114 editione
796 3051 976 3117 Lascarina
1000 3044 1201 3131 μαρμαρυγὴν
1223 3042 1345 3130 χαρίεν-

172 3173 222 3221 τος
245 3149 369 3231 recepit
391 3169 529 3230 eumque
554 3149 659 3212 secuti
683 3158 758 3214 sunt
780 3157 913 3234 praeter
937 3148 1167 3228 Schraderum,
1196 3149 1252 3230 qui
1278 3148 1343 3212 vol·

173 3258 284 3332 getam
300 3250 503 3332 scripturum
519 3249 692 3332 revocavit,
715 3251 859 3315 editores
876 3271 997 3315 omnes.
1033 3247 1218 3333 Koechlyus
1235 3253 1345 3312 autem

172 3352 193 3417 l.
215 3353 235 3416 l.
257 3373 288 3434 p.
312 3357 330 3415 8
353 3351 500 3416 restituit
522 3351 601 3415 exP
624 3349 823 3436 μαρμαρυγὴν
846 3347 1020 3436 χαρίεσσαν.
1045 3349 1151 3414 -Va
1173 3349 1199 3414 B
1222 3349 1347 3414 habent

176 3447 374 3538 μαρμαρυγὰς
405 3457 446 3533 et,
473 3459 511 3516 ut
541 3453 680 3536 videtur,
713 3449 894 3538 χαρίεσσαν;
917 3453 964 3518 Ve
987 3454 1015 3517 R
1039 3476 1057 3514 α
1079 3451 1144 3516 Ver
1172 3449 1243 3516 Voa
1270 3472 1345 3532 μαρ-

174 3553 309 3639 μαρυγὰς
325 3547 499 3638 χαρίεσσας.
536 3553 621 3618 Ηίυο
638 3555 777 3636 suspitio
799 3555 905 3620 oritur
928 3555 1018 3618 aliud
1040 3553 1120 3637 quid
1144 3551 1222 3616 olim
1244 3553 1346 3633 scrip-

172 3663 242 3719 tum
265 3655 376 3720 fuisse.
414 3653 544 3718 Etenim
564 3674 641 3718 cum
663 3655 764 3718 editio
780 3655 962 3719 Lascarina
984 3673 1227 3734 nonnumquam
1250 3674 1346 3716 verae

175 3757 349 3821 vetustatis
367 3755 490 3821 habeat
505 3755 742 3820 auctoritatem
758 3755 947 3838 multasque
969 3753 1129 3836 praebeat
1153 3753 1346 3834 scripturae,

176 3879 260 3940 quae
289 3880 329 3924 ex
360 3857 484 3942 optimo
514 3857 625 3940 aliquo
656 3857 769 3922 codice
799 3855 1003 3921 manaverint
1030 3875 1050 3918 a
1076 3853 1227 3917 Palatino
1256 3850 1346 3914 haud

175 3960 292 4040 procul
323 3958 506 4040 recedente,
534 3958 649 4040 quidni
672 3979 743 4022 meo
762 3962 835 4038 jure
858 3957 1011 4038 colligam
1033 3955 1120 4020 hunc
1141 3955 1250 4018 locum
1273 3971 1345 4015 eam

177 4080 326 4126 servasse
341 4059 392 4128 vel
407 4058 557 4124 Palatino
572 4060 783 4142 probiorem?
804 4057 1000 4142 praesertim
1017 4079 1091 4121 cum
1111 4077 1150 4120 eo
1174 4054 1217 4116 sit
1239 4074 1346 4117 emen-

177 4160 287 4227 datior
308 4184 335 4226 v.
363 4165 422 4225 129
450 4159 503 4246 [ὅτ’
532 4156 642 4224 ἔκλυεν
665 4161 737 4242 SR,
760 4163 800 4230 ὡς
822 4156 932 4221 ἔκλυεν
954 4158 1001 4242 P],
1023 4179 1050 4222 v.
1077 4162 1133 4220 131
1160 4149 1347 4217 ἀπειλείουσι

177 4261 243 4344 SB,
256 4257 535 4348 ἐπεχθαύρουσιΡ];
545 4285 572 4327 ν.
583 4268 641 4327 136
652 4255 1058 4348 [ὀπιχθονύῃσιν-γυναιξὶν
1069 4258 1089 4323 S
1099 4258 1152 4339 B*,
1162 4255 1348 4340 ἐπιχθονίων

1179 4363 1194 4413 4
