3150 4786
701 379 886 439 ..7.-

210 545 394 614 Rarissima
419 550 471 613 est
499 542 585 612 enim
613 544 714 612 editio
743 544 936 625 Lascarina,
965 563 1064 629 quam
1086 563 1128 612 ne
1149 545 1286 612 Parisiis
1310 547 1380 631 qui·

212 650 286 716 dem
307 648 395 733 vidi]

294 748 346 814 Ita
367 749 568 832 factumest,
589 754 628 814 ut
642 747 839 832 Stephanus,
862 749 1010 831 quamvis
1025 767 1066 813 ne
1089 749 1225 816 minima
1247 748 1380 833 quidem

210 851 361 918 codicum
383 871 444 933 ope
465 850 688 936 adjuvaretur,
709 871 829 933 magna
851 856 964 916 tamen
980 850 1086 934 ejecta
1106 851 1259 918 vitiorum
1283 853 1380 937 copia

211 973 306 1020 suam
333 953 501 1036 prioribus
533 951 733 1018 editionibus
759 953 862 1018 multo
889 951 1058 1035 puriorem
1092 954 1245 1022 redderet
1272 973 1380 1020 emen·

213 1054 446 1136 (latioremque.
469 1082 470 1085 ¹
487 1054 568 1120 Post
591 1058 683 1142 cujus
699 1053 905 1136 diligentiam
928 1074 948 1142 a
969 1055 1181 1136 sequentibus
1196 1054 1380 1121 editoribus

212 1155 264 1220 vix
283 1156 448 1238 praeclari
469 1157 649 1240 quidquam
671 1157 705 1224 in
727 1151 864 1222 Musaeo
887 1155 1089 1222 emendando
1110 1156 1307 1240 praestitum
1322 1161 1380 1222 est

211 1256 239 1320 E
255 1255 412 1342 Stephani
435 1257 522 1321 enim
543 1258 733 1324 recensione
755 1256 928 1326 derivatae
944 1262 1020 1322 sunt
1035 1256 1205 1339 editiones,
1220 1262 1381 1340 quotquot

211 1358 254 1423 ad
269 1359 357 1424 hunc
372 1379 477 1442 usque
493 1358 580 1424 diem
590 1359 796 1444 prodierunt,
818 1377 959 1441 quarum
972 1357 1281 1441 praestantissimae
1305 1363 1381 1424 sunt

210 1459 250 1525 H.
273 1460 457 1524 Kromeieri
479 1460 599 1545 (Halae
620 1459 895 1543 Magdeburgicao
918 1456 1029 1546 1721),
1056 1457 1098 1524 Μ.
1121 1460 1260 1524 Roeveri
1282 1459 1381 1548 (Lug-

210 1561 291 1626 duni
312 1561 512 1628 Batavornm
537 1559 632 1650 1737)
654 1559 704 1627 10.
727 1559 904 1626 Schraderi
928 1558 986 1648 (ib.
1011 1557 1122 1645 1742),
1145 1561 1238 1646 cujus
1261 1560 1380 1626 editio-

209 1683 284 1728 nem
313 1662 418 1728 denuo
446 1663 658 1738 emittendam
687 1663 815 1728 curavit
842 1661 881 1726 H.
905 1660 1103 1728 Schaeferus
1131 1661 1264 1744 Lipsiae
1287 1663 1379 1737 1825,

209 1763 262 1826 Fr.
284 1761 466 1830 Heinriohii
489 1764 718 1853 (Hannoverae
744 1763 848 1850 1793),
869 1764 922 1828 Fr.
943 1763 1090 1828 Passovii
1111 1762 1257 1846 (Lipsiae
1274 1766 1380 1850 1810),

210 1863 248 1928 Α.
271 1863 394 1930 Μο1111
416 1864 537 1950 (Halae
562 1863 667 1952 1811),
695 1864 729 1930 O.
752 1866 787 1930 F.
810 1863 949 1946 Lehrsii,
971 1866 1062 1951 cujus
1085 1866 1234 1932 recensio
1257 1867 1381 1949 prodiit

209 1967 244 2030 in
265 1966 379 2032 Didoti
401 1967 593 2032 collectione
616 1965 769 2048 scriptor.
792 1987 840 2048 gr.
860 1965 997 2030 Parisiis
1022 1970 1114 2032 1840.

294 2068 420 2134 Harum
443 2068 623 2134 editionum
646 2067 763 2132 summi
784 2067 940 2134 momenti
967 2073 1019 2134 est
1040 2067 1142 2136 editio
1163 2067 1310 2134 Roeveri.
1345 2067 1380 2133 Is

213 2169 299 2234 enim
325 2189 410 2236 nova
441 2189 520 2234 cura
542 2169 586 2234 ad
607 2168 779 2235 Musaeum
802 2169 964 2234 edendum
992 2169 1169 2251 adgressus
1192 2189 1263 2235 cum
1284 2169 1380 2235 editi·

211 2289 289 2334 ones
317 2275 478 2354 quotquot
507 2268 648 2355 adipisci
669 2270 777 2353 potuit
805 2271 892 2336 inter
914 2291 1035 2354 easque
1056 2270 1263 2335 rarissimam
1288 2269 1380 2334 illam

206 2371 432 2452 Lascarinam,
455 2373 549 2455 cujus
566 2371 748 2456 scripturas
771 2373 802 2439 ei
824 2371 1094 2456 suppeditaverat
1115 2371 1173 2437 Ph.
1189 2370 1378 2452 Dorvillius,

211 2478 244 2536 11
264 2473 422 2538 Aldinam
443 2472 660 2562 principem*)
682 2476 716 2540 in
732 2495 827 2539 suum
840 2493 936 2539 usum
951 2472 1113 2552 adhibuit,
1133 2477 1204 2538 tum
1217 2473 1379 2540 librorum

209 2573 508 2656 manuscriptorum
528 2575 640 2656 largas
662 2574 832 2656 bonasque
854 2574 967 2658 copias
984 2573 1048 2640 sibi
1063 2574 1201 2657 paravit.
1230 2575 1379 2656 Codices,

209 2673 266 2756 qui
280 2673 426 2741 Roevero
442 2679 575 2758 praesto
590 2675 692 2756 fuere,
706 2675 742 2738 hi
758 2681 847 2742 sunt:
871 2675 974 2742 codex
988 2674 1167 2740 Vaticanus
1184 2696 1204 2740 a
1224 2675 1282 2742 Ph.
1294 2675 1378 2742 Dor-

207 2774 296 2841 villio
310 2775 450 2842 collatus
466 2777 508 2842 ab
519 2796 632 2859 eoque,
643 2780 680 2840 ut
693 2775 832 2856 videtur,
847 2774 978 2840 saeculo
991 2776 1165 2842 undecimo
1180 2775 1377 2860 adscriptus.

292 2876 372 2942 Tres
395 2876 474 2941 olim
495 2879 528 2944 in
547 2876 750 2944 bibhotheca
764 2875 927 2960 Vaticana
948 2879 1115 2942 exstitisse
1138 2877 1277 2959 codices,
1299 2898 1378 2962 quo·

210 2997 285 3041 rum
306 2999 392 3042 unus
415 2979 540 3044 saeculi
561 2978 635 3044 XIV
657 3000 687 3044 n.
712 2982 772 3043 915
796 2977 944 3060 signatus
970 2978 1003 3042 in
1025 2979 1099 3061 ipsa
1118 2977 1288 3062 Vaticana,
1312 2979 1379 3044 duo

209 3079 332 3152 saeculi
348 3075 409 3145 XV
423 3101 455 3144 n.
477 3085 518 3146 43
542 3087 574 3146 11
591 3085 650 3144 179
667 3079 790 3162 signati
811 3081 846 3142 in
859 3077 1060 3144 bibliotheca
1075 3079 1227 3145 Palatina
1248 3079 1378 3163 fuerint,

207 3186 322 3246 narrat
343 3179 385 3246 M.
407 3181 589 3247 Bandinius
617 3183 651 3247 in
680 3179 783 3264 praef.
806 3179 882 3246 edit.
905 3200 936 3261 p.
960 3184 988 3244 7.
1032 3181 1176 3258 Quorum
1197 3179 1377 3246 Vaticanus

209 3285 270 3345 911
301 3287 334 3346 11
360 3282 530 3348 Palatinus
559 3289 599 3350 43
627 3304 656 3348 a.
689 3286 769 3346 1797
803 3281 838 3346 in
867 3279 1010 3348 Galliam
1037 3281 1193 3348 translati
1221 3287 1312 3364 sunt,
1341 3287 1379 3348 ut

208 3382 420 3464 cognovimus
444 3406 461 3449 1
483 3385 579 3468 11110,
603 3385 659 3468 qui
672 3383 806 3467 Lipsiae
828 3405 858 3449 a.
876 3386 956 3448 1893
978 3383 1104 3467 prodiit
1127 3383 1176 3448 sic
1196 3384 1377 3467 inscriptus

207 3483 379 3564 ,Recensio
412 3506 490 3552 mss.
526 3487 598 3554 cod.
634 3486 692 3569 qui
725 3507 765 3552 ex
794 3485 948 3551 universa
979 3484 1181 3551 bibliotheca
1213 3484 1378 3552 Vaticana

208 3585 324 3652 selecti
346 3588 444 3672 jussu
464 3588 537 3655 Dni.
559 3588 626 3654 Nri.
649 3587 699 3652 Pii
721 3586 766 3652 VI
793 3592 881 3670 pont.
907 3607 948 3651 m.
978 3585 1060 3666 prid.
1088 3586 1131 3650 id.
1154 3584 1219 3651 Jul.
1241 3606 1270 3652 a.
1295 3591 1377 3652 1797

206 3688 480 3771 procuratoribus
497 3687 668 3754 Gallorum
686 3689 761 3772 jure
782 3688 871 3768 belli,
895 3708 953 3752 seu
974 3691 1149 3770 pactarum
1170 3685 1378 3751 induciarum

208 3809 296 3872 ergo,
312 3795 345 3856 11
358 3790 474 3856 initiae
488 3790 583 3873 pacis
598 3788 714 3854 traditi
728 3788 847 3854 fuere.“
868 3787 964 3854 Illinc
980 3787 1160 3854 Vaticanus
1175 3785 1231 3854 ille
1246 3805 1275 3852 a.
1295 3790 1377 3852 1814

207 3892 345 3959 Romam
367 3891 493 3958 relatus
516 3896 576 3974 est,
598 3889 770 3956 Palatinus
791 3909 869 3956 vero
892 3889 1008 3957 eodem
1030 3909 1115 3957 anno
1138 3909 1213 3956 cum
1230 3886 1377 3972 reliquis,

276 4113 303 4179 *)
324 4115 484 4166 Editionem
501 4115 684 4165 Irascarinam
710 4116 739 4163 et
759 4111 893 4164 Aldinam
913 4101 1075 4176 principem
1089 4111 1212 4164 nondum
1234 4111 1377 4162 adhibitas

208 4215 268 4256 csse
281 4201 352 4260 falso
364 4201 450 4260 refert
467 4199 631 4264 Bernhardy
646 4199 713 4250 hist.
725 4197 782 4248 litt.
795 4211 837 4262 gr.
849 4197 878 4246 11
888 4211 915 4260 p.
928 4201 977 4247 407
994 4197 1049 4260 (ed.
1060 4197 1123 4272 ΠΙ.)
1302 4196 1304 4200 ’
