3150 4786
700 451 909 511 -54-

220 614 292 680 Ηιιο
315 613 415 680 verba
436 635 565 698 qnoque
586 614 760 697 pertinent,
784 635 868 698 quae
891 616 932 680 de
954 616 1069 681 eodem
1088 615 1219 683 Baccho
1238 581 1412 686 dicuntur

221 738 250 782 ν.
273 719 312 782 29
336 713 484 800 ejusdem
507 713 584 780 libri

393 831 496 918 ψαόιον
518 835 559 903 ὡς
584 829 685 917 ἱκέτης
709 834 818 918 ἐρατοῦ
841 834 933 918 χροός

305 951 356 1016 Ad
379 971 462 1034 quae
486 951 617 1018 accedit
639 950 726 1035 quod
743 951 844 1016 etiam
858 951 887 1018 J.
903 951 1042 1036 Tzetzes‚
1059 956 1152 1039 cujus
1169 955 1392 1024 testimonium

221 1053 286 1118 vim
313 1051 415 1118 habet
443 1053 538 1134 longe
566 1053 806 1135 gravissimam,
837 1055 987 1120 codicum
1018 1055 1219 1138 scripturam
1241 1062 1392 1140 agnoseit

220 1155 306 1219 huno
328 1153 455 1218 Musaei
477 1153 587 1218 locum
608 1154 687 1219 vitio
702 1173 842 1218 vacuum
860 1175 1036 1238 excerpens
1051 1157 1084 1222 in
1100 1156 1183 1222 Ghss.
1198 1158 1230 1222 II
1250 1183 1296 1225 sss
1321 1183 1392 1245 sqq.

305 1357 462 1437 Leander,
484 1362 522 1422 ut
543 1357 705 1421 Heronem
722 1377 742 1422 a
763 1358 919 1440 superbia
934 1364 967 1423 et
982 1361 1201 1442 repugnantia
1218 1361 1391 1446 deterreat,

220 1459 302 1524 haee
333 1458 435 1524 verba
462 1457 542 1524 saoit
569 1458 609 1523 de
641 1458 799 1524 Atalanta
820 1459 1009 1525 Milanionis
1032 1482 1176 1526 amorem
1200 1471 1390 1545 spernente:

220 1584 248 1626 ν.
274 1565 332 1625 155
356 1581 425 1643 sqq.

757 1660 979 1746 χολοσαμένης
1002 1663 1024 1725 δ’
1047 1658 1237 1748 Ἀφροδίτης

373 1761 424 1825 τόν
446 1762 540 1846 πάρος
564 1761 618 1825 odi
641 1761 803 1846 ἐπόθησεν,
826 1759 869 1826 ἐνὶ
893 1760 1003 1850 κραδίη
1027 1763 1099 1828 θέτο
1122 1765 1215 1850 πόση.

220 1899 294 1964 Non
316 1904 392 1964 sunt
414 1899 497 1964 haec
520 1900 651 1982 quidem
674 1900 722 1963 sic
745 1899 843 1980 dicta,
866 1905 903 1963 ut
924 1899 1019 1964 valde
1040 1900 1237 1984 reprehendi
1255 1901 1392 1988 possint,

222 2001 280 2066 sed
309 2006 420 2066 tamen
449 2001 556 2066 Nonni
579 2000 754 2064 dictionem
778 2000 952 2082 diligenter
973 2000 1196 2082 perscrutanti
1217 1999 1391 2087 witimer-

221 2123 356 2167 suasum
398 2107 449 2166 est
488 2102 660 2166 Musaeum
696 2101 869 2183 scripsisse
904 2101 1105 2185 χολωομένης
1140 2101 1163 2163 δ’
1187 2097 1391 2188 ’.Λτμμζόῖεηςι

220 2223 305 2286 quae
337 2203 503 2285 scriptura
534 2202 635 2267 ctiam
663 2222 723 2283 per
750 2223 784 2266 se
812 2199 918 2266 altera
950 2201 1053 2266 multo
1082 2199 1305 2285 praestantior
1332 2209 1390 2268 est.

221 2303 380 2370 Similiter
409 2304 496 2369 enim
523 2304 633 2368 Venus
663 2302 812 2367 Pisinoiis
839 2302 963 2385 ligura,
991 2310 1028 2368 ut
1049 2303 1251 2370 Harmoniae
1274 2306 1392 2370 excitet

220 2427 375 2487 amorem,
398 2406 573 2488 adsumpta
595 2410 671 2488 post
692 2403 775 2468 alias
797 2402 888 2468 Jovis
904 2405 1048 2488 pellices,
1070 2406 1190 2488 quibus
1204 2403 1290 2470 June
1305 2408 1393 2472 irata

221 2507 274 2589 sit,
295 2505 441 2572 Latonae
463 2507 544 2572 facit
566 2506 763 2570 mentionem
785 2505 836 2569 bis
858 2505 982 2571 verbis:
1004 2505 1138 2590 Dionys.
1161 2510 1190 2571 4.
1207 2531 1251 2572 ιιι
1278 2528 1347 2592 sqq.

810 2608 1010 2691 χολωομένης
1034 2605 1068 2670 δέ
1090 2606 1237 2693 τεκούσης

370 2709 483 2794 ἤλασεν
506 2703 672 2772 ὠδίνουσαν
689 2701 790 2792 Ἀρης
813 2707 966 2791 ἐγκύμονα
989 2707 1082 2791 Λητώ

220 2815 253 2875 et
282 2809 413 2896 Dionys.
443 2816 471 2875 5.
493 2835 537 2876 ιιι
571 2830 641 2892 sqq.
671 2809 820 2875 Actaeon
848 2830 868 2872 a
894 2809 1001 2873 Diana
1026 2811 1060 2873 in
1087 2830 1217 2874 cervum
1244 2816 1391 2877 mutatus

220 2917 349 2994 patrem
372 2910 589 2976 somniantem
612 2911 663 2975 his
686 2911 796 2976 verbis
819 2909 1008 2993 adloquitur

828 3009 1029 3095 χολωομένης
1053 3010 1087 3074 δὲ
1110 3007 1237 3096 θεαίνης

373 3115 493 3178 δεῖπνον
516 3113 599 3196 ἐμῶν
621 3113 780 3178 σκυλάκων
802 3111 942 3198 γενόμην,
964 3111 1069 3196 πάτερ.
1216 3150 1218 3154 -

305 3216 374 3282 Nec
399 3215 494 3282 nobis
518 3216 612 3281 deest
632 3215 775 3280 Palatini
801 3216 997 3297 auotoritas,
1024 3217 1058 3279 in
1087 3216 1179 3300 cujus
1212 3215 1392 3298 depravata

220 3319 384 3402 scriptura
407 3317 569 3402 χωομένης
587 3315 788 3400 χολωομένης
808 3314 913 3382 latere
927 3317 1038 3398 potius
1055 3336 1154 3397 quam
1170 3315 1390 3400 χολωσαμένης

220 3421 294 3504 quis
317 3425 369 3484 est
390 3418 469 3502 quin
490 3416 683 3496 intellegat?

304 3637 393 3702 Hero
423 3635 610 3702 Leandrum
639 3635 777 3700 natandi
809 3635 979 3702 laboribus
1010 3635 1229 3720 defatigatum
1259 3635 1306 3701 ita
1333 3635 1389 3702 ad-

221 3739 367 3823 loquitnr
388 3762 415 3803 ν.
439 3743 498 3803 271

377 3842 475 3924 δεῦρο,
497 3837 581 3910 τεοὺς
605 3836 733 3924 ἱδρῶτας
756 3835 842 3922 ἐμοῖς
865 3835 1024 3902 ἐνικάτθεο
1047 3837 1181 3908 κόλποις·

219 3959 311 4025 Haeo
325 3958 427 4024 verba
439 3958 476 4023 G.
492 3958 697 4022 Hermannus
713 3957 747 4020 in
757 3955 1046 4022 emendationibus
1062 3955 1207 4021 Golluthi
1222 3956 1263 4040 (ν.
1279 3975 1392 4037 opusc.

119 4095 121 4100 ·
218 4059 263 4126 lV
286 4083 315 4142 p.
338 4060 414 4144 223)
444 4060 492 4123 ita
515 4059 668 4138 mutavit,
700 4064 737 4121 ut
759 4081 832 4122 cum
855 4058 905 4124 Va
926 4057 973 4122 Ve
1001 4058 1162 4124 scriberet
1183 4054 1392 4140 παρακάτθεο,

219 4161 413 4244 Lehrsiique
437 4181 610 4224 assensum
632 4167 749 4224 nactus
773 4165 831 4240 est,
855 4159 910 4242 qui
934 4159 968 4223 id
991 4159 1025 4222 in
1040 4165 1165 4222 textum
1182 4157 1316 4240 recepit.
1354 4157 1392 4219 ln

219 4265 246 4327 Β
269 4261 297 4324 R
319 4269 369 4325 est
391 4260 585 4344 περικάτθεο.
629 4260 672 4324 At
694 4281 769 4324 vero
794 4260 992 4341 scripturam
1014 4257 1188 4340 ἐνικάτθεο,
1211 4279 1310 4342 quam
1332 4257 1391 4322 ba·
