3150 4786
683 451 894 510 ..52-

211 621 309 679 stare.
352 615 410 678 Ille
441 615 526 678 enim
556 623 731 698 postquam
761 617 905 680 narravit
935 615 1100 679 Electram
1134 613 1214 678 Jove
1245 614 1384 697 jubente

211 717 424 783 Harmoniam
440 715 542 780 filiam
558 714 681 782 Cadmo
704 718 738 780 in
760 716 1006 780 matrimonium
1030 715 1108 780 dare
1124 715 1275 794 voluisse,
1297 713 1384 777 Har-

211 819 354 882 moniam
380 839 455 882 vero
486 817 597 882 multis
624 817 776 882 lamentis
804 815 916 882 effusis
945 816 978 880 id
1000 817 1202 900 repudiasse,
1233 816 1279 878 ita
1303 815 1385 878 dicit

212 920 252 984 dc
275 918 420 984 Electra:
442 918 574 1003 Dionys,
598 929 626 984 4.
649 945 677 982 es
705 939 751 1000 sq.

799 1015 978 1104 διχοστασίῃ
1002 1016 1035 1082 δὲ
1059 1023 1196 1102 μενοινῆς

412 1115 586 1204 Ἃρμονίην
609 1110 742 1204 ᾤκτειρε,
767 1120 836 1192 Διὸς
860 1119 1032 1184 δ’ἀπέειπεν
1055 1118 1194 1202 ἀπειλήν.

212 1221 263 1285 Ad
289 1221 375 1285 hunc
399 1222 532 1304 quidem
552 1243 682 1286 versum
705 1223 883 1306 adscripsit
898 1221 1084 1305 Koechlyus
1100 1221 1133 1284 in
1148 1220 1383 1286 commentario

216 1323 332 1388 critico
354 1345 384 1406 p.
401 1326 440 1386 28
463 1319 622 1402 „caraea
646 1329 843 1407 suspectum.
888 1323 975 1386 Num
998 1320 1133 1386 ἀλέεινεν
1142 1324 1165 1388 ί“

298 1421 362 1487 Sed
394 1445 467 1490 cum
493 1423 703 1488 renuntiandi
736 1429 768 1486 et
791 1424 936 1506 fugiendi
959 1423 1108 1488 notiones
1130 1431 1199 1488 tam
1223 1421 1289 1485 sint
1310 1420 1383 1486 lini-

214 1523 323 1605 timae,
338 1530 375 1590 ut
389 1526 495 1590 altera
511 1526 649 1590 alteram
666 1526 813 1610 excipere
830 1531 863 1590 et
878 1532 1048 1607 tamquam
1069 1528 1260 1592 continuare
1274 1525 1382 1592 videa·
1483 1606 1491 1617 .

215 1631 285 1704 tur,
313 1646 388 1688 oum
416 1626 616 1690 recentiores
641 1626 820 1708 scriptores
846 1625 976 1708 saepius
999 1625 1042 1690 ab
1066 1626 1214 1690 oratione
1236 1634 1384 1692 veterum

217 1725 387 1790 discedere
417 1730 557 1806 constet,
588 1726 639 1805 (of.
655 1726 819 1790 Moebium
841 1749 871 1810 p.
896 1733 949 1807 193
979 1725 1206 1792 Heinriohium
1227 1751 1256 1810 p.
1280 1734 1318 1792 45
1352 1735 1385 1794 et

216 1851 245 1910 p.
270 1834 319 1907 88,
342 1827 400 1891 ubi
428 1828 599 1908 „concede
622 1827 742 1909 inquit,
765 1834 801 1890 ut
824 1849 844 1892 a
865 1827 986 1894 Nostro
1016 1833 1191 1910 utramque
1219 1830 1385 1894 notionem

217 1927 372 1992 confundi
401 1929 549 2010 potuisse
579 1929 725 2011 adeoque
755 1930 926 2012 antiquam
952 1930 1125 1995 lectionem
1155 1929 1238 1996 bene
1261 1931 1385 1996 habere

216 2028 340 2109 largiar
348 2055 356 2107 ;
379 2029 457 2092 licet
486 2031 555 2112 ejus
578 2031 831 2111 permutationis
863 2031 1010 2111 exempla
1038 2031 1279 2117 desiderem.“)‚
1311 2055 1385 2096 cum

219 2130 358 2210 denique
394 2129 521 2194 Musaei
550 2137 582 2195 et
611 2131 719 2194 Nonni
748 2132 848 2196 verba
881 2151 915 2194 se
946 2133 1068 2214 optime
1099 2133 1294 2216 defendant}
1322 2154 1387 2196 nou

216 2231 310 2294 video
335 2233 395 2293 cu'r
423 2231 508 2295 hunc
531 2253 664 2298 versum
693 2235 905 2297 immutemus
934 2233 1196 2316 conjecturisque
1228 2235 1387 2300 deforme-

217 2352 290 2394 mus
312 2332 363 2395 vel
386 2330 496 2395 dubiis
518 2333 569 2396 vel
591 2333 721 2396 omnino
744 2353 808 2396 non
830 2333 1068 2416 probabilibus.

303 2432 440 2496 Accedit
464 2432 553 2497 aliud
576 2440 804 2515 argumentum
827 2433 925 2516 idque
949 2435 1038 2499 haud
1060 2437 1167 2502 minus
1190 2457 1298 2520 grave,
1321 2458 1385 2520 quo

218 2532 376 2598 traditam
401 2534 597 2615 scripturam
619 2539 782 2602 tueamur.
818 2532 1032 2600 Commendat
1055 2538 1141 2602 enim
1164 2559 1236 2604 eam
1259 2539 1388 2619 elegan-

218 2633 347 2698 tissima
374 2635 549 2700 verborum
575 2658 657 2719 quae
688 2641 826 2702 vocatur
857 2637 1057 2718 assonantia,
1089 2640 1221 2722 qualem
1243 2638 1387 2719 NonnuS,

129 2750 132 2754 ·
220 2736 312 2820 cujus
343 2739 467 2818 posteri
501 2736 630 2802 dicendi
661 2738 805 2804 colorem
841 2739 1121 2822 subtilitatemque
1145 2739 1387 2804 studiosissime

220 2836 361 2917 amplexi
389 2843 474 2918 sunt,
503 2838 597 2903 valde
625 2839 659 2902 in
682 2839 810 2903 deliciis
833 2838 959 2903 habuit.
997 2839 1050 2904 Sic
1071 2840 1206 2904 verbum
1229 2839 1388 2904 ἀποειπεῖν

220 2955 293 2998 eum
317 2937 458 3018 simplici
480 2934 596 3001 λείπειν
620 2939 828 3021 conjunctum
851 2941 1008 3004 occurrit:
1032 2941 1153 3026 Dionys
1178 2945 1258 3007 dare
1276 2964 1322 3024 sq.

366 3029 471 3122 Ἥρης
495 3039 516 3101 δ’
544 3035 628 3103 οἷκον
652 3035 766 3119 ἔλειπε,
791 3039 883 3124 λέχος
908 3039 929 3101 δ’
958 3038 1084 3106 ἀπέειπε
1108 3041 1226 3125 Διώνης

374 3137 473 3223 Δηοῦς
505 3137 591 3226 ῥῖψεν
631 3137 738 3226 ἔρωτα,
773 3138 865 3224 Θέμιν
898 3141 984 3225 φύγε,
1017 3143 1149 3206 κάλλιπε
1185 3143 1289 3228 Λητώ.

222 3237 283 3304 Hic
307 3240 441 3323 quidem
464 3241 689 3306 altero-versu
711 3244 811 3306 etiam
834 3241 975 3305 κάλλιπε.

221 3339 351 3426 Dionys.
378 3346 471 3407 Idan

374 3438 535 3525 ποιμενίην
558 3441 580 3503 δ’
607 3441 735 3504 ἀπύειπε
758 3440 939 3526 καλαύροπα
962 3439 1013 3506 καί
1036 3444 1119 3528 παρὰ
1139 3446 1235 3531 πέτρη

374 3539 463 3606 λεῖπε
488 3542 560 3626 βίας
584 3537 635 3605 καί
659 3545 752 3626 μῆλα,

154 3675 157 3681 ·
222 3641 389 3708 Sententia
417 3645 550 3726 quidem
578 3644 726 3727 disparia
755 3651 838 3726 suut,
867 3646 924 3710 sed
954 3646 997 3710 ad
1025 3647 1162 3712 eandem
1185 3648 1290 3712 Nonui
1315 3669 1389 3712 eon-

222 3744 429 3810 suetudinom
459 3747 623 3828 pertinent
653 3747 763 3827 verba,
799 3747 918 3830 quibus
952 3745 1103 3830 luppiter
1137 3747 1296 3814 Cadmum
1330 3749 1388 3812 ad-

221 3842 379 3926 loquitur:
403 3847 533 3933 Dionys.
558 3853 636 3913 itam

376 3944 541 4031 Καδμείων
565 3945 710 4034 βασίλευε
733 3945 785 4013 καὶ
809 3947 922 4034 οὔνομα
945 3948 1034 4013 λεῖπε
1057 3951 1205 4031 πολίταις,

375 4049 605 4133 πλαγκτοσύνης
635 4052 658 4112 δ’
685 4048 814 4114 ἀπέειπε
841 4045 1021 4133 παλίμπορα
1044 4051 1143 4114 κύκλα
1165 4052 1327 4116 κελεύθου.

307 4148 355 4213 Ex
377 4150 429 4214 his
453 4150 534 4226 satis
558 4171 721 4233 superque
745 4156 882 4234 apparet
903 4149 986 4214 nihil
1008 4149 1130 4216 habere
1147 4151 1274 4218 Musaei
1289 4155 1390 4220 verba

224 4269 289 4328 quo
313 4250 517 4332 displiceant,
541 4252 639 4314 immo
663 4251 785 4316 habere
808 4273 871 4332 quo
893 4251 1101 4316 vehementer
1123 4251 1284 4332 placeant.
