3150 4786
664 357 872 420 ,29-

182 515 251 584 fere
274 521 307 583 61
329 518 465 586 dimidio
488 527 563 586 ante
587 520 718 587 saeculo
749 523 779 587 ei
801 521 948 600 codices,
979 525 1035 607 qui
1056 524 1201 591 Roevero
1223 533 1356 608 praesto

183 617 288 701 fuere,
316 620 428 686 collati
450 622 529 704 sint,
558 643 615 688 eas
639 625 722 688 satis
750 629 905 690 accurate
936 627 1138 692 examinatos
1161 647 1234 692 esse
1256 634 1355 712 atque

184 739 339 788 excussos
361 723 452 788 credi
473 725 527 790 uix
547 730 667 810 potest.
712 724 848 790 Accedit
874 726 962 809 quod
985 727 1107 792 multas
1131 728 1314 811 scripturas
1338 750 1355 793 e

183 820 320 886 Roeveri
353 822 482 892 silentio
514 827 669 910 colligere
699 825 866 893 debemus.
910 829 1015 905 Quam
1044 830 1086 896 ob
1116 850 1186 895 rem
1215 851 1254 896 ne
1282 831 1355 914 quis

182 922 326 989 levitatis
347 945 406 992 nos
430 933 550 1011 arguat
572 927 620 994 616
641 928 824 1012 scripturis,
846 951 929 1014 quas
945 929 1007 996 hoc
1021 930 1119 997 modo
1135 930 1356 1014 adsequimur,

184 1025 386 1110 adponemus
409 1029 615 1096 asteriscum

267 1129 395 1214 Duplex
416 1135 529 1196 autem
550 1133 604 1198 116
625 1139 726 1216 patet,
749 1154 850 1216 quam
871 1134 906 1197 in
928 1133 990 1199 hac
1005 1133 1228 1216 disputatione
1249 1134 1357 1216 ingre-

185 1230 330 1298 diamur:
354 1232 460 1298 altera
482 1238 520 1298 ut
542 1233 693 1300 codicum
722 1235 896 1320 scripturis
925 1236 1014 1300 inter
1036 1255 1072 1300 se
1095 1235 1294 1318 comparatis
1316 1255 1356 1300 ac

186 1333 357 1418 perpensis
374 1335 493 1418 quibus
517 1338 721 1419 cognationis
742 1337 881 1402 vinculis
910 1339 1138 1403 contineantur
1154 1336 1283 1420 singuli,
1306 1336 1356 1400 in·

187 1436 402 1520 vestigemus3
430 1438 536 1504 altera
562 1445 599 1504 ut
621 1459 660 1503 ex
686 1438 816 1504 indiciis
840 1438 1040 1522 quibusdam
1067 1441 1193 1504 externi
1222 1439 1357 1505 habitus

187 1558 246 1620 per
268 1559 351 1622 quas
373 1539 618 1606 vicissitudines
642 1539 733 1604 ducti
757 1541 832 1621 sint,
856 1539 1125 1606 demonstremus.

269 1639 549 1724 Progrediendum
571 1648 623 1707 est
645 1647 755 1707 autem
778 1663 798 1706 6
825 1643 996 1708 codicibus
1019 1643 1070 1708 Va
1092 1643 1156 1723 Vc,
1184 1644 1241 1726 qui
1262 1648 1355 1706 tanta

184 1740 270 1806 inter
294 1763 328 1808 se
363 1742 576 1808 similitudine
607 1744 772 1826 conjuncti
804 1751 893 1826 sunt,
933 1750 971 1809 ut
998 1766 1037 1810 ex
1065 1765 1129 1810 uno
1161 1745 1250 1809 fonte
1278 1743 1357 1826 quin

185 1840 346 1927 fluxerint,
367 1865 503 1929 prorsus
526 1845 674 1911 dubitari
696 1866 762 1911 non
775 1845 893 1931 possit.
931 1845 1020 1924 Quae
1043 1846 1196 1930 cognatio
1220 1845 1357 1911 661661-

185 1945 250 2010 lius
275 1947 430 2030 cognosci
450 1952 569 2032 potest,
591 1947 669 2031 quia
692 1948 817 2013 multae
838 1949 872 2012 in
894 1947 941 2012 eis
965 1954 1097 2013 exstant
1116 1961 1238 2033 pravae
1254 1947 1356 2030 scrip-

186 2052 296 2130 turae,
322 2070 407 2132 quae
429 2068 449 2113 a
471 2049 562 2115 nullo
586 2051 650 2116 alio
675 2049 869 2115 exhibentur
897 2051 985 2116 velut
1006 2073 1033 2116 v.
1057 2056 1098 2118 34
1120 2050 1154 2114 οὐ
1178 2043 1271 2114 11116
1297 2054 1357 2115 661.

187 2145 336 2226 οὐδέποτ’;
352 2173 380 2216 1.
397 2155 460 2217 250
482 2146 634 2234 ὑμεναίων
657 2157 719 2221 661.
742 2151 890 2233 61616166
919 2176 948 2221 v.
971 2157 1032 2219 268
1060 2155 1151 2216 πολλ’
1178 2148 1292 2222 ἔπαθες
1318 2151 1357 2215 τὰ

186 2250 244 2334 Ve,
267 2246 465 2315 6611311166
488 2251 522 2316 δὲ
544 2253 603 2334 Va,
628 2259 688 2318 661.
712 2252 816 2316 πολλὰ
832 2252 984 2338 μόγησας
1012 2276 1040 2318 v.
1063 2258 1121 2320 271
1148 2249 1357 2338 παρακάτθεο,

185 2352 371 2438 περικάτθεο
400 2355 428 2419 R
453 2349 493 2430 B,
523 2351 682 2416 ἐνικάτθεο
710 2351 736 2418 Ρ
761 2353 845 2435 V013
867 2376 894 2419 1.
919 2357 979 2419 272
1003 2351 1041 2417 τὰ
1065 2353 1107 2435 δὲ,
1130 2355 1195 2418 τάδ’
1211 2351 1246 2432 Ρ,
1269 2353 1355 2416 ταῦτ’

185 2461 263 2539 661.;
296 2480 325 2524 1.
347 2460 410 2523 276
437 2454 589 2540 despuite,
621 2463 683 2522 cet.
711 2455 877 2541 ἤστραπτε;
900 2479 927 2519 1.
954 2459 1014 2520 277
1047 2453 1246 2540 ἐπεκτύπησε,
1269 2456 1358 2518 ἐπευ-

185 2557 309 2642 φήμησε
337 2558 375 2640 Ρ,
404 2557 603 2642 ἐπεσκίρτησε
639 2559 680 2639 R,
709 2557 912 2641 ἐπεσκέρτησε
940 2557 966 2620 Β
992 2555 1083 2638 V01;
1121 2579 1149 2623 1.
1178 2562 1237 2622 326
1267 2555 1358 2641 ἀνόη-

185 2679 250 2736 τον,
274 2657 421 2724 ἀδύνατον
442 2660 476 2742 Ρ,
500 2657 649 2744 attuatos
671 2664 747 2738 cet,
777 2682 805 2724 1.
830 2663 891 2724 338
914 2655 1010 2741 παρὰ,
1039 2664 1101 2724 661.
1124 2658 1202 2742 περὶ.
1226 2697 1267 2707 -
1288 2657 1358 2724 Nec

185 2760 292 2828 minus
322 2762 494 2829 declarant
516 2761 601 2826 hane
623 2760 853 2842 cognationem
876 2779 935 2824 eae
958 2760 1152 2844 scripturae,
1179 2780 1261 2843 quas
1285 2781 1359 2824 cum

187 2884 250 2930 uno
280 2865 452 2948 alteroque
480 2864 683 2947 reliquorum
712 2860 963 2941 communicant,
989 2861 1078 2926 velut
1100 2883 1175 2927 cum
1196 2861 1225 2925 R
1246 2883 1273 2926 v.
1298 2867 1357 2926 129

190 2963 321 3049 ὀπωπῆς,
345 2963 565 3048 661.ἀπειλῆς;
590 2989 619 3031 1.
640 2970 699 3030 136
722 2957 1086 3049 ἐπιχθονίων-γυναικῶν,
1110 2959 1136 3026 Ρ
1160 2962 1359 3048 ἐπιχθονιων-

187 3066 324 3150 γυναιξὶν,
347 3062 773 3152 Β*ἐπιχ11611ῃσιν-γυναιξὶν,
795 3065 853 3130 V01
882 3063 1077 3149 ἐπιχθονίης-
1099 3061 1242 3148 guandiu
1257 3087 1286 3130 1.
1299 3069 1359 3130 186

186 3165 264 3252 ἐμοὶ,
287 3175 340 3235 661
363 3167 444 3254 {pom
467 3192 495 3234 v.
517 3171 578 3234 228
603 3166 723 3252 λαθὼν,
754 3173 815 3235 661.
839 3166 943 3252 βαλὼν
970 3166 1036 3232 nisi
1058 3167 1147 3249 quod
1168 3165 1203 3230 in
1221 3165 1282 3233 Vor
1309 3172 1361 3231 661

186 3269 288 3352 ducor.
330 3272 368 3337 In
390 3272 454 3340 hac
476 3271 596 3338 horum
618 3271 769 3339 codicum
792 3269 1008 3336 similitudine
1031 3289 1158 3334 summa
1179 3268 1278 3334 facile
1301 3269 1360 3333 ali-

185 3374 259 3457 quis
287 3374 322 3440 in
350 3397 423 3442 eam
450 3375 638 3461 opinionem
667 3374 790 3442 adduci
819 3378 940 3459 potest,
969 3377 1006 3436 ut
1028 3371 1169 3436 alterum
1192 3390 1232 3435 ex
1254 3370 1359 3436 altero

185 3477 386 3559 exscriptum
409 3497 483 3544 6666
505 3482 648 3561 censeat,
670 3477 705 3544 id
728 3478 817 3562 quod
839 3496 903 3541 non
924 3473 990 3538 nisi
1012 3471 1060 3537 sic
1084 3472 1157 3537 fieri
1178 3471 1297 3555 potuit,
1324 3477 1361 3536 ut

184 3576 328 3643 Venetus
351 3600 391 3644 ex
412 3579 583 3662 Vaticano,
605 3579 727 3663 quippe
749 3579 806 3662 qui
827 3578 884 3642 illo
898 3573 1057 3641 vetustior
1077 3579 1175 3656 esset,
1198 3572 1358 3654 originem

184 3678 331 3746 haberet.
353 3680 393 3747 Id
414 3702 493 3746 num
513 3680 640 3745 factum
663 3679 716 3761 sit,
738 3680 902 3744 incertum
918 3678 977 3740 est.
1009 3673 1122 3756 Neque
1138 3675 1224 3739 enim
1240 3674 1359 3740 desunt

184 3781 384 3865 scripturae,
413 3781 532 3864 quibus
559 3781 721 3846 acerrime
747 3779 834 3844 inter
861 3797 895 3843 se
932 3774 1065 3841 differre
1092 3776 1283 3841 videantur:
1316 3775 1356 3840 cf.

187 3883 257 3950 118.ι
275 3889 344 3949 151.
362 3889 431 3950 193.
449 3887 520 3948 312.
538 3887 609 3947 326.
654 3881 869 3964 Quamquam,
892 3899 965 3942 oum
984 3876 1037 3941 his
1058 3877 1142 3943 locis
1164 3877 1357 3942 alterutrius

184 3983 352 4067 scriptura
383 4007 401 4050 e
429 3984 558 4049 silentio
587 3983 772 4067 colligenda
795 3981 851 4063 sit,
891 3983 1052 4063 quantum
1081 3985 1140 4045 aut
1169 4000 1190 4043 a
1210 3978 1357 4044 Roevero

183 4088 243 4150 aut
265 4105 287 4150 a
308 4085 483 4166 Dorvillio‚
511 4087 568 4169 qui
590 4084 665 4150 illos
690 4082 821 4150 codices
844 4079 991 4162 contulit,
1020 4087 1166 4145 erratum
1189 4079 1242 4162 sit,
1264 4081 1357 4162 igno-

183 4206 305 4254 ramus.
349 4187 506 4253 Erratum
534 4208 606 4252 esse
629 4186 716 4252 enim
739 4185 782 4251 ab
810 4183 877 4250 illis
901 4186 1027 4248 certum
1050 4186 1102 4246 661
1122 4180 1232 4265 potius
1257 4203 1357 4265 quam
