3150 4786
697 415 906 474 ..42-

213 583 257 656 ut,
282 575 461 658 quamdiu
489 579 663 661 possimus,
685 578 837 645 Palatino
860 581 1116 664 adstipulemur:
1146 601 1240 664 quem
1264 579 1383 644 ceteris

214 677 412 742 auctoritate
434 685 605 762 praestare
633 701 706 744 oum
734 681 922 766 viderimus,
951 704 1046 748 veras
1070 682 1253 764 scripturas
1277 681 1383 745 solum

212 799 455 862 nonnumquam
478 800 628 845 servasse
651 803 714 846 non
738 784 898 864 estquod
920 787 1085 849 miremur.
1121 783 1236 865 ltaque
1255 782 1382 846 Koech-

213 881 265 965 lyo
288 881 462 946 adsentior
483 903 510 946 ν.
536 883 574 946 13
598 881 752 966 χαλεπαῖς
776 904 792 948 e
815 884 840 948 P
869 887 1024 972 χαλεπῇσι
1045 906 1105 970 pro
1127 886 1210 966 voig.
1234 882 1383 968 χαλεπὸν,

212 1003 239 1046 ν.
265 988 304 1046 67
329 981 529 1066 ἀριστεύουσα
549 1004 608 1068 pro
623 985 705 1066 volg.
725 983 938 1069 ὄριστεόσασα,
961 1011 988 1052 v.
1014 991 1075 1052 205
1098 985 1196 1070 χεῖμα
1218 1007 1277 1070 pro
1300 987 1382 1068 volg.

212 1087 325 1166 χεῦμα,
348 1107 376 1150 ν.
400 1089 461 1148 229
478 1083 616 1168 πορθμὸν
630 1106 691 1169 pro
707 1088 789 1169 volg.
814 1090 924 1169 δῆμον,
947 1109 974 1151 ν.
999 1093 1059 1152 276
1084 1089 1194 1172 εὐνῇ*)
1216 1110 1276 1174 pro
1298 1088 1381 1170 volg.

212 1183 300 1267 εὐνὴν
315 1207 368 1250 res
384 1186 510 1252 ituenti.
541 1186 648 1251 Unum
664 1193 775 1252 tamen
791 1189 898 1253 looum
913 1190 1057 1270 neglexit
1073 1190 1249 1271 corrigere.
1278 1188 1381 1254 Versu

212 1287 297 1350 enim
321 1193 384 1444 33ί
1004 1351 1006 1357 .

413 1387 543 1452 πάντοίίι
565 1386 677 1471 ὄόμμα
700 1389 829 1453 τίταινεν
850 1391 893 1454 ἐπ’
920 1390 1010 1475 εὐρέα
1033 1395 1113 1455 νῶτα
1135 1390 1295 1473 θαλάσσης

212 1523 291 1588 exP
310 1525 534 1608 recipiendum
549 1532 600 1589 est
622 1524 662 1603 ἐς,
693 1525 781 1608 quod
808 1526 906 1591 etiam
937 1526 970 1589 in
994 1526 1015 1590 S
1042 1527 1165 1608 legitur
1196 1533 1228 1590 et
1254 1525 1288 1588 in
1310 1525 1338 1589 R
1361 1548 1381 1589 a

212 1629 398 1690 oorreotore
433 1628 689 1708 superscriptum
718 1632 775 1690 est.
821 1627 891 1692 Hae
925 1627 1010 1691 enim
1040 1648 1112 1691 oum
1135 1626 1380 1710 praepositione

210 1725 355 1807 Nonnus‚
380 1729 472 1813 eujus
496 1729 618 1794 locutio
641 1725 726 1811 ὄμμα
748 1724 887 1791 τιταίνειν
901 1728 1036 1812 propria
1060 1731 1118 1808 est,
1136 1728 1274 1812 jungere
1298 1729 1381 1792 solet

210 1829 346 1892 verbum
361 1825 509 1911 τιταίνειν,
531 1831 583 1894 vix
598 1836 634 1895 ut
649 1829 818 1893 Musaeum
835 1831 876 1894 ab
900 1830 970 1914 ejus
995 1829 1232 1894 consuetudine
1257 1829 1380 1894 disces·

212 1927 293 1993 sisse
315 1932 507 2013 putaverim.
545 1930 702 1996 Conferas
725 1933 820 1996 velim

210 2029 342 2116 Dionys,
371 2039 446 2114 ὄμνυ
472 2030 555 2102 λοξὸς
579 2033 610 2102 ἐς
629 2029 800 2116 Ἃρμονίην
823 2031 972 2095 ἀντώπιον
994 2029 1079 2114 ὄμμα
1101 2026 1241 2094 τιταίνων

318 2139 376 2215 9,υν
401 2129 452 2196 καί
475 2133 544 2204 πάις
569 2131 784 2196 ὄντικέλευθον
806 2134 837 2204 ἐς
860 2131 987 2216 οὐρανὸν
1008 2129 1093 2215 ὄμμα
1115 2128 1255 2195 τιταίνων

298 2239 392 2316 10‚2oa
418 2232 461 2304 εἷς
486 2231 567 2298 δύσιν
589 2232 673 2318 ὄμμα
695 2231 824 2298 τίταινεν
846 2235 876 2305 ἐς
899 2233 975 2318 ἠέρα
998 2232 1072 2304 λοξὰ
1095 2231 1229 2296 δοκεύων

299 2341 391 2416 12,υιιι
702 2337 732 2406 ἐς
756 2333 894 2419 ἄμπελον
916 2333 1001 2419 ὄμμα
1023 2329 1162 2399 τιταίνων

295 2443 391 2519 dhan
418 2436 545 2521 δόχμιον
568 2435 653 2520 ὄμμα
674 2433 803 2500 τίταινεν
826 2438 856 2506 ἐς
880 2436 1060 2520 εὐρυάγυιαν
1085 2434 1228 2521 Ἀθήνην

295 2544 391 2618 31,ινε
417 2537 460 2608 εἷς
486 2536 601 2622 Πάφον,
626 2535 668 2609 εἰς
692 2538 793 2623 χθόνα
816 2536 941 2622 Κύπρου
962 2543 966 2618 ί
987 2537 1118 2607 ἀπλανὲς
1141 2536 1226 2621 ὄμμα
1249 2533 1379 2600 τίταινεν

296 2645 391 2720 38,3rs
417 2637 498 2724 ὄφρα
520 2638 574 2723 μὲν
596 2638 680 2723 ὄμμα
701 2636 831 2704 τίταινεν
854 2641 884 2712 ἐς
909 2639 1019 2726 αἰθέρα
1042 2635 1093 2702 καί
1116 2637 1203 2723 χύσιν
1226 2638 1344 2722 ἄστρων

295 2745 375 2821 rao
402 2739 528 2826 λάθριος
552 2739 594 2812 εἰς
617 2739 738 2826 Βερόην
760 2741 994 2827 πεφυλαγμένον
1016 2739 1101 2826 ὄμμα
1123 2735 1270 2806 τιταίνων.

295 2925 359 2990 Sed
385 2949 425 2992 ne
454 2928 509 2993 ille
538 2929 670 3011 quidem
698 2931 806 3010 codex,
830 2931 978 3013 quamvis
1006 2929 1204 3012 reliquorum
1234 2927 1377 3009 optimus

210 3047 282 3090 esse
299 3027 374 3111 jure
389 3035 534 3111 putetur,
559 3037 650 3094 earet
667 3031 793 3094 mendis
822 3029 918 3095 modo
941 3031 1128 3112 levioribus,
1150 3049 1234 3112 quae
1250 3029 1378 3095 librarii

210 3127 416 3212 neglegentia
439 3133 577 3198 oarmini
599 3131 692 3196 illata
716 3137 792 3197 sunt
814 3153 917 3214 eoque
940 3131 1030 3196 facili
1053 3131 1182 3214 negotio
1202 3129 1378 3214 exstirpari

209 3237 356 3314 possunt,
382 3235 479 3298 modo
510 3233 725 3316 gravioribus,
748 3235 878 3316 quibus,
903 3233 931 3297 si
952 3233 1024 3297 fieri
1047 3232 1114 3296 ullo
1137 3231 1234 3296 modo
1257 3237 1376 3313 potest,

209 3353 248 3396 ex
270 3331 344 3396 aliis
369 3334 526 3399 subsidiis
549 3333 674 3397 oritiois
697 3335 839 3415 petenda
861 3340 912 3397 est
934 3333 1105 3396 medicina.
1149 3332 1378 3409 Quaerendum

210 3433 310 3514 igitur
333 3440 393 3508 est,
414 3455 492 3497 num
514 3433 600 3497 forte
622 3433 823 3516 reliquorum
847 3433 967 3516 aliquis
984 3433 1087 3498 codex
1101 3433 1234 3514 habeat,
1258 3433 1377 3516 quibus

209 3533 314 3617 ipsius
344 3534 485 3600 Palatini
518 3533 748 3618 posthabenda
773 3535 824 3599 -sit
854 3533 945 3599 fides.
1000 3533 1091 3611 Quae
1119 3535 1252 3618 quidem
1281 3555 1377 3617 quae-

211 3635 274 3698 stio
299 3637 465 3702 eominus
489 3636 651 3702 mirabilis
676 3636 775 3702 debet
795 3637 910 3713 videri,
936 3657 1000 3720 quo
1024 3637 1157 3719 saepius
1181 3635 1377 3700 deterrimos

209 3734 338 3800 codices
371 3739 677 3818 praestantissimas
717 3731 899 3821 scripturas
934 3758 1083 3803 servasse
1120 3737 1277 3802 videmus.
1335 3737 1379 3801 At

211 3834 336 3901 Musaei
359 3839 507 3904 codicum
529 3839 617 3904 ratio
641 3840 867 3924 cognatioque,
896 3861 996 3922 quam
1019 3861 1119 3924 supra
1143 3838 1224 3904 satis
1247 3839 1377 3921 copiose

210 3978 358 3986 -———
363 3979 412 3985 .-.-

278 4058 304 4122 *)
324 4055 387 4130 εὐνῇ
405 4061 465 4125 jam
483 4075 499 4109 a
519 4059 629 4110 Graefio
648 4039 809 4127 conjectura
828 4063 973 4110 inventum
992 4063 1085 4110 firmet
1097 4060 1160 4122 Vol,
1178 4059 1226 4108 ubi
1245 4063 1287 4108 est
1305 4055 1376 4126 εὐνὴ.

209 4143 394 4196 Aoousativus
413 4146 481 4195 ferri
499 4161 554 4196 non
572 4149 672 4210 potest,
691 4163 753 4197 eum
775 4147 852 4196 nullo
865 4146 920 4195 elio
933 4147 993 4195 loeo
1005 4145 1119 4194 verbum
1134 4139 1295 4211 ἀστράπτειν
1314 4159 1375 4194 oum

209 4231 370 4282 accusativo
385 4231 531 4297 jungatur.
568 4231 613 4283 Of.
630 4233 741 4280 Passov.
760 4231 802 4280 ed.
821 4247 847 4296 p.
868 4235 924 4281 197.
