<?xml version="1.0" encoding="UTF-8"?>
<!DOCTYPE html PUBLIC "-//W3C//DTD XHTML 1.0 Transitional//EN"
    "http://www.w3.org/TR/xhtml1/DTD/xhtml1-transitional.dtd">
<html xmlns="http://www.w3.org/1999/xhtml" xml:lang="en" lang="en">
 <head>
  <title>
</title>
<meta http-equiv="Content-Type" content="text/html;charset=utf-8" />
  <meta name='ocr-system' content='tesseract 3.04.00' />
  <meta name='ocr-capabilities' content='ocr_page ocr_carea ocr_par ocr_line ocrx_word'/>
</head>
<body>
  <div class='ocr_page' id='page_1' title='image "./demusaeigrammat00patzgoog_0053.png"; bbox 0 0 3150 4786; ppageno 0'>
   <div class='ocr_carea' id='block_1_1' title="bbox 709 427 921 487">
    <p class='ocr_par' dir='ltr' id='par_1_1' title="bbox 709 427 921 487">
     <span class='ocr_line' id='line_1_1' title="bbox 709 427 921 487; baseline 0.019 -19"><span class='ocrx_word' id='word_1_1' title='bbox 709 427 921 487; x_wconf 74' lang='lat'>..43-</span> 
     </span>
    </p>
   </div>
   <div class='ocr_carea' id='block_1_2' title="bbox 233 591 1403 778">
    <p class='ocr_par' dir='ltr' id='par_1_2' title="bbox 233 591 1403 778">
     <span class='ocr_line' id='line_1_2' title="bbox 233 591 1403 678; baseline -0.002 -20"><span class='ocrx_word' id='word_1_2' title='bbox 233 591 304 673; x_wconf 91' lang='lat' dir='ltr'>fius,</span> <span class='ocrx_word' id='word_1_3' title='bbox 332 611 540 675; x_wconf 83' lang='lat' dir='ltr'><strong>nequaquam</strong></span> <span class='ocrx_word' id='word_1_4' title='bbox 567 591 832 674; x_wconf 85' lang='lat' dir='ltr'>comprobamus,</span> <span class='ocrx_word' id='word_1_5' title='bbox 867 612 942 656; x_wconf 93' lang='lat' dir='ltr'>cum</span> <span class='ocrx_word' id='word_1_6' title='bbox 964 614 991 656; x_wconf 88' lang='lat' dir='ltr'>v.</span> <span class='ocrx_word' id='word_1_7' title='bbox 1015 597 1076 658; x_wconf 84' lang='lat'>296</span> <span class='ocrx_word' id='word_1_8' title='bbox 1100 591 1255 678; x_wconf 84' lang='grc' dir='ltr'>χειμέριον</span> <span class='ocrx_word' id='word_1_9' title='bbox 1285 599 1318 658; x_wconf 90' lang='lat' dir='ltr'>et</span> <span class='ocrx_word' id='word_1_10' title='bbox 1340 593 1403 656; x_wconf 92' lang='lat' dir='ltr'>hoc</span> 
     </span>
     <span class='ocr_line' id='line_1_3' title="bbox 233 690 1066 778; baseline -0.005 -19"><span class='ocrx_word' id='word_1_11' title='bbox 233 714 329 760; x_wconf 82' lang='lat' dir='ltr'>versu</span> <span class='ocrx_word' id='word_1_12' title='bbox 351 691 512 778; x_wconf 76' lang='grc' dir='ltr'>χειμερίῃς</span> <span class='ocrx_word' id='word_1_13' title='bbox 535 690 672 776; x_wconf 75' lang='grc' dir='ltr'>πυοίῃοιν</span> <span class='ocrx_word' id='word_1_14' title='bbox 695 693 816 774; x_wconf 84' lang='lat' dir='ltr'>optime</span> <span class='ocrx_word' id='word_1_15' title='bbox 840 715 874 760; x_wconf 84' lang='lat' dir='ltr'>se</span> <span class='ocrx_word' id='word_1_16' title='bbox 901 697 1066 758; x_wconf 86' lang='lat' dir='ltr'>tucantur.</span> 
     </span>
    </p>
   </div>
   <div class='ocr_carea' id='block_1_3' title="bbox 151 878 1408 3798">
    <p class='ocr_par' dir='ltr' id='par_1_3' title="bbox 151 878 1408 3193">
     <span class='ocr_line' id='line_1_4' title="bbox 309 878 1405 963; baseline -0.001 -18"><span class='ocrx_word' id='word_1_17' title='bbox 309 879 416 945; x_wconf 90' lang='lat' dir='ltr'>Multa</span> <span class='ocrx_word' id='word_1_18' title='bbox 426 878 519 944; x_wconf 83' lang='lat' dir='ltr'>novis</span> <span class='ocrx_word' id='word_1_19' title='bbox 532 878 691 943; x_wconf 91' lang='lat' dir='ltr'>subsidiis</span> <span class='ocrx_word' id='word_1_20' title='bbox 704 879 864 944; x_wconf 79' lang='lat' dir='ltr'>adhibitis</span> <span class='ocrx_word' id='word_1_21' title='bbox 877 881 920 944; x_wconf 90' lang='lat' dir='ltr'>ad</span> <span class='ocrx_word' id='word_1_22' title='bbox 932 880 1105 963; x_wconf 76' lang='lat' dir='ltr'>pristinam</span> <span class='ocrx_word' id='word_1_23' title='bbox 1117 879 1256 944; x_wconf 84' lang='lat' dir='ltr'>formam</span> <span class='ocrx_word' id='word_1_24' title='bbox 1266 881 1405 944; x_wconf 91' lang='lat' dir='ltr'>redacta</span> 
     </span>
     <span class='ocr_line' id='line_1_5' title="bbox 151 979 1406 1064; baseline -0.001 -19"><span class='ocrx_word' id='word_1_25' title='bbox 151 993 153 998; x_wconf 80' lang='grc'><strong>“</strong></span> <span class='ocrx_word' id='word_1_26' title='bbox 233 985 326 1046; x_wconf 89' lang='lat' dir='ltr'>sunt:</span> <span class='ocrx_word' id='word_1_27' title='bbox 347 987 457 1046; x_wconf 90' lang='lat' dir='ltr'>tamen</span> <span class='ocrx_word' id='word_1_28' title='bbox 479 979 614 1046; x_wconf 92' lang='lat' dir='ltr'>dubium</span> <span class='ocrx_word' id='word_1_29' title='bbox 636 987 774 1044; x_wconf 91' lang='lat' dir='ltr'>nonest</span> <span class='ocrx_word' id='word_1_30' title='bbox 796 981 874 1064; x_wconf 90' lang='lat' dir='ltr'>quin</span> <span class='ocrx_word' id='word_1_31' title='bbox 896 981 1000 1046; x_wconf 91' lang='lat' dir='ltr'>multa</span> <span class='ocrx_word' id='word_1_32' title='bbox 1022 981 1131 1045; x_wconf 91' lang='lat' dir='ltr'>adhuc</span> <span class='ocrx_word' id='word_1_33' title='bbox 1153 988 1287 1063; x_wconf 92' lang='lat' dir='ltr'>restent,</span> <span class='ocrx_word' id='word_1_34' title='bbox 1320 1000 1406 1063; x_wconf 88' lang='lat' dir='ltr'>quae</span> 
     </span>
     <span class='ocr_line' id='line_1_6' title="bbox 232 1081 1405 1164; baseline 0 -18"><span class='ocrx_word' id='word_1_35' title='bbox 232 1083 283 1146; x_wconf 88' lang='lat' dir='ltr'>vel</span> <span class='ocrx_word' id='word_1_36' title='bbox 310 1081 451 1146; x_wconf 86' lang='lat' dir='ltr'>obscura</span> <span class='ocrx_word' id='word_1_37' title='bbox 479 1082 545 1146; x_wconf 90' lang='lat' dir='ltr'>sint</span> <span class='ocrx_word' id='word_1_38' title='bbox 570 1081 621 1146; x_wconf 90' lang='lat' dir='ltr'>vel</span> <span class='ocrx_word' id='word_1_39' title='bbox 649 1102 747 1146; x_wconf 90' lang='lat' dir='ltr'>manu</span> <span class='ocrx_word' id='word_1_40' title='bbox 776 1090 894 1164; x_wconf 81' lang='lat' dir='ltr'>egeant</span> <span class='ocrx_word' id='word_1_41' title='bbox 929 1083 1157 1148; x_wconf 89' lang='lat' dir='ltr'>emendatrice.</span> <span class='ocrx_word' id='word_1_42' title='bbox 1214 1082 1294 1147; x_wconf 84' lang='lat' dir='ltr'>Cum</span> <span class='ocrx_word' id='word_1_43' title='bbox 1326 1103 1405 1147; x_wconf 87' lang='lat' dir='ltr'>vero</span> 
     </span>
     <span class='ocr_line' id='line_1_7' title="bbox 232 1182 1405 1269; baseline 0 -21"><span class='ocrx_word' id='word_1_44' title='bbox 232 1204 296 1249; x_wconf 91' lang='lat' dir='ltr'>non</span> <span class='ocrx_word' id='word_1_45' title='bbox 320 1183 363 1248; x_wconf 91' lang='lat' dir='ltr'>sit</span> <span class='ocrx_word' id='word_1_46' title='bbox 386 1203 585 1264; x_wconf 90' lang='lat' dir='ltr'>concessum,</span> <span class='ocrx_word' id='word_1_47' title='bbox 607 1189 643 1247; x_wconf 90' lang='lat' dir='ltr'>ut</span> <span class='ocrx_word' id='word_1_48' title='bbox 666 1205 776 1249; x_wconf 91' lang='lat' dir='ltr'>omnes</span> <span class='ocrx_word' id='word_1_49' title='bbox 798 1184 863 1249; x_wconf 92' lang='lat' dir='ltr'>loci</span> <span class='ocrx_word' id='word_1_50' title='bbox 887 1185 953 1248; x_wconf 87' lang='lat' dir='ltr'>sive</span> <span class='ocrx_word' id='word_1_51' title='bbox 977 1182 1069 1248; x_wconf 89' lang='lat' dir='ltr'>dubii</span> <span class='ocrx_word' id='word_1_52' title='bbox 1086 1185 1152 1249; x_wconf 85' lang='lat' dir='ltr'>sive</span> <span class='ocrx_word' id='word_1_53' title='bbox 1168 1186 1316 1269; x_wconf 83' lang='lat' dir='ltr'>corrupti</span> <span class='ocrx_word' id='word_1_54' title='bbox 1332 1205 1405 1250; x_wconf 85' lang='lat' dir='ltr'>eva-</span> 
     </span>
     <span class='ocr_line' id='line_1_8' title="bbox 233 1284 1406 1370; baseline -0.002 -20"><span class='ocrx_word' id='word_1_55' title='bbox 233 1285 313 1350; x_wconf 88' lang='lat' dir='ltr'>dant</span> <span class='ocrx_word' id='word_1_56' title='bbox 336 1284 586 1366; x_wconf 86' lang='lat' dir='ltr'>emendatiores,</span> <span class='ocrx_word' id='word_1_57' title='bbox 610 1286 886 1370; x_wconf 88' lang='lat' dir='ltr'>acquiescendum</span> <span class='ocrx_word' id='word_1_58' title='bbox 908 1293 959 1351; x_wconf 90' lang='lat' dir='ltr'>est</span> <span class='ocrx_word' id='word_1_59' title='bbox 981 1306 1055 1349; x_wconf 92' lang='lat' dir='ltr'>cum</span> <span class='ocrx_word' id='word_1_60' title='bbox 1077 1285 1174 1350; x_wconf 90' lang='lat' dir='ltr'>ineis</span> <span class='ocrx_word' id='word_1_61' title='bbox 1191 1285 1406 1368; x_wconf 90' lang='lat' dir='ltr'>corrigendis,</span> 
     </span>
     <span class='ocr_line' id='line_1_9' title="bbox 235 1383 1405 1468; baseline 0.002 -18"><span class='ocrx_word' id='word_1_62' title='bbox 235 1407 374 1468; x_wconf 92' lang='lat' dir='ltr'>quorum</span> <span class='ocrx_word' id='word_1_63' title='bbox 396 1386 582 1452; x_wconf 88' lang='lat' dir='ltr'>emendatio</span> <span class='ocrx_word' id='word_1_64' title='bbox 605 1409 622 1450; x_wconf 93' lang='lat' dir='ltr'>e</span> <span class='ocrx_word' id='word_1_65' title='bbox 646 1383 745 1448; x_wconf 91' lang='lat' dir='ltr'>certis</span> <span class='ocrx_word' id='word_1_66' title='bbox 768 1384 897 1465; x_wconf 89' lang='lat' dir='ltr'>legibus</span> <span class='ocrx_word' id='word_1_67' title='bbox 919 1385 1045 1450; x_wconf 89' lang='lat' dir='ltr'>criticis</span> <span class='ocrx_word' id='word_1_68' title='bbox 1068 1391 1101 1450; x_wconf 88' lang='lat' dir='ltr'>et</span> <span class='ocrx_word' id='word_1_69' title='bbox 1123 1389 1348 1468; x_wconf 82' lang='lat' dir='ltr'>grammaticis</span> <span class='ocrx_word' id='word_1_70' title='bbox 1370 1408 1405 1452; x_wconf 91' lang='lat' dir='ltr'>se</span> 
     </span>
     <span class='ocr_line' id='line_1_10' title="bbox 233 1486 1405 1571; baseline -0.002 -19"><span class='ocrx_word' id='word_1_71' title='bbox 233 1486 351 1552; x_wconf 87' lang='lat' dir='ltr'>offerat</span> <span class='ocrx_word' id='word_1_72' title='bbox 374 1493 407 1551; x_wconf 90' lang='lat' dir='ltr'>et</span> <span class='ocrx_word' id='word_1_73' title='bbox 428 1487 547 1570; x_wconf 90' lang='lat' dir='ltr'>cuique</span> <span class='ocrx_word' id='word_1_74' title='bbox 569 1487 666 1552; x_wconf 83' lang='lat' dir='ltr'>facile</span> <span class='ocrx_word' id='word_1_75' title='bbox 689 1486 856 1569; x_wconf 83' lang='lat' dir='ltr'>probetur,</span> <span class='ocrx_word' id='word_1_76' title='bbox 878 1495 947 1552; x_wconf 91' lang='lat' dir='ltr'>tum</span> <span class='ocrx_word' id='word_1_77' title='bbox 970 1489 1004 1550; x_wconf 94' lang='lat' dir='ltr'>in</span> <span class='ocrx_word' id='word_1_78' title='bbox 1027 1487 1074 1552; x_wconf 90' lang='lat' dir='ltr'>eis</span> <span class='ocrx_word' id='word_1_79' title='bbox 1098 1487 1325 1570; x_wconf 82' lang='lat' dir='ltr'>defendendis,</span> <span class='ocrx_word' id='word_1_80' title='bbox 1349 1487 1405 1571; x_wconf 93' lang='lat' dir='ltr'>qui</span> 
     </span>
     <span class='ocr_line' id='line_1_11' title="bbox 231 1588 1405 1655; baseline 0.002 -3"><span class='ocrx_word' id='word_1_81' title='bbox 231 1589 399 1653; x_wconf 91' lang='lat' dir='ltr'>hominum</span> <span class='ocrx_word' id='word_1_82' title='bbox 423 1588 595 1653; x_wconf 90' lang='lat' dir='ltr'>doctorum</span> <span class='ocrx_word' id='word_1_83' title='bbox 618 1588 847 1654; x_wconf 80' lang='lat' dir='ltr'>conaminibus</span> <span class='ocrx_word' id='word_1_84' title='bbox 870 1594 993 1652; x_wconf 89' lang='lat' dir='ltr'>temere</span> <span class='ocrx_word' id='word_1_85' title='bbox 1014 1589 1166 1654; x_wconf 83' lang='lat' dir='ltr'>videntur</span> <span class='ocrx_word' id='word_1_86' title='bbox 1187 1611 1260 1655; x_wconf 90' lang='lat' dir='ltr'>esse</span> <span class='ocrx_word' id='word_1_87' title='bbox 1276 1590 1405 1655; x_wconf 91' lang='lat' dir='ltr'>tentati.</span> 
     </span>
     <span class='ocr_line' id='line_1_12' title="bbox 233 1689 1405 1774; baseline 0 -20"><span class='ocrx_word' id='word_1_88' title='bbox 233 1689 277 1755; x_wconf 85' lang='lat' dir='ltr'>Et</span> <span class='ocrx_word' id='word_1_89' title='bbox 297 1691 404 1774; x_wconf 90' lang='lat' dir='ltr'>primo</span> <span class='ocrx_word' id='word_1_90' title='bbox 427 1689 560 1772; x_wconf 89' lang='lat' dir='ltr'>quidem</span> <span class='ocrx_word' id='word_1_91' title='bbox 581 1689 655 1754; x_wconf 90' lang='lat' dir='ltr'>loco</span> <span class='ocrx_word' id='word_1_92' title='bbox 679 1690 719 1754; x_wconf 91' lang='lat' dir='ltr'>de</span> <span class='ocrx_word' id='word_1_93' title='bbox 742 1710 780 1754; x_wconf 87' lang='lat' dir='ltr'>eo</span> <span class='ocrx_word' id='word_1_94' title='bbox 803 1689 1067 1755; x_wconf 88' lang='lat' dir='ltr'>emendationum</span> <span class='ocrx_word' id='word_1_95' title='bbox 1089 1709 1216 1771; x_wconf 86' lang='lat' dir='ltr'>genere,</span> <span class='ocrx_word' id='word_1_96' title='bbox 1246 1693 1332 1774; x_wconf 93' lang='lat' dir='ltr'>quod</span> <span class='ocrx_word' id='word_1_97' title='bbox 1352 1691 1405 1754; x_wconf 86' lang='lat' dir='ltr'>ad</span> 
     </span>
     <span class='ocr_line' id='line_1_13' title="bbox 232 1789 1408 1876; baseline -0.003 -20"><span class='ocrx_word' id='word_1_98' title='bbox 232 1796 409 1876; x_wconf 88' lang='lat' dir='ltr'>praecepta</span> <span class='ocrx_word' id='word_1_99' title='bbox 439 1792 654 1871; x_wconf 86' lang='lat' dir='ltr'>grammatica</span> <span class='ocrx_word' id='word_1_100' title='bbox 683 1791 838 1872; x_wconf 87' lang='lat' dir='ltr'>pertinet,</span> <span class='ocrx_word' id='word_1_101' title='bbox 866 1790 1011 1855; x_wconf 87' lang='lat' dir='ltr'>breviter</span> <span class='ocrx_word' id='word_1_102' title='bbox 1039 1791 1156 1855; x_wconf 91' lang='lat' dir='ltr'>dicam.</span> <span class='ocrx_word' id='word_1_103' title='bbox 1200 1789 1333 1855; x_wconf 78' lang='lat' dir='ltr'>Certum</span> <span class='ocrx_word' id='word_1_104' title='bbox 1356 1797 1408 1854; x_wconf 89' lang='lat' dir='ltr'>est</span> 
     </span>
     <span class='ocr_line' id='line_1_14' title="bbox 234 1891 1407 1975; baseline -0.001 -18"><span class='ocrx_word' id='word_1_105' title='bbox 234 1897 345 1958; x_wconf 89' lang='lat' dir='ltr'>autem</span> <span class='ocrx_word' id='word_1_106' title='bbox 360 1891 541 1967; x_wconf 90' lang='lat' dir='ltr'>Musaeum,</span> <span class='ocrx_word' id='word_1_107' title='bbox 557 1893 613 1975; x_wconf 89' lang='lat' dir='ltr'>qui</span> <span class='ocrx_word' id='word_1_108' title='bbox 628 1897 722 1956; x_wconf 89' lang='lat' dir='ltr'>tanto</span> <span class='ocrx_word' id='word_1_109' title='bbox 746 1893 874 1972; x_wconf 89' lang='lat' dir='ltr'>ardore,</span> <span class='ocrx_word' id='word_1_110' title='bbox 888 1897 983 1956; x_wconf 88' lang='lat' dir='ltr'>tanta</span> <span class='ocrx_word' id='word_1_111' title='bbox 997 1892 1161 1957; x_wconf 90' lang='lat' dir='ltr'>industria</span> <span class='ocrx_word' id='word_1_112' title='bbox 1177 1893 1259 1958; x_wconf 89' lang='lat' dir='ltr'>etin</span> <span class='ocrx_word' id='word_1_113' title='bbox 1275 1891 1407 1957; x_wconf 88' lang='lat' dir='ltr'>dicendi</span> 
     </span>
     <span class='ocr_line' id='line_1_15' title="bbox 233 1993 1407 2075; baseline -0.002 -17"><span class='ocrx_word' id='word_1_114' title='bbox 233 2014 350 2075; x_wconf 90' lang='lat' dir='ltr'>genere</span> <span class='ocrx_word' id='word_1_115' title='bbox 385 1999 417 2058; x_wconf 92' lang='lat' dir='ltr'>et</span> <span class='ocrx_word' id='word_1_116' title='bbox 443 1995 477 2058; x_wconf 90' lang='lat' dir='ltr'>in</span> <span class='ocrx_word' id='word_1_117' title='bbox 511 1994 611 2058; x_wconf 87' lang='lat' dir='ltr'>rebus</span> <span class='ocrx_word' id='word_1_118' title='bbox 642 1995 789 2058; x_wconf 91' lang='lat' dir='ltr'>metricis</span> <span class='ocrx_word' id='word_1_119' title='bbox 826 1993 977 2057; x_wconf 91' lang='lat' dir='ltr'>Nonnum</span> <span class='ocrx_word' id='word_1_120' title='bbox 1012 1998 1144 2058; x_wconf 90' lang='lat' dir='ltr'>secutus</span> <span class='ocrx_word' id='word_1_121' title='bbox 1168 2000 1229 2075; x_wconf 90' lang='lat' dir='ltr'>est,</span> <span class='ocrx_word' id='word_1_122' title='bbox 1259 2000 1296 2058; x_wconf 92' lang='lat' dir='ltr'>ut</span> <span class='ocrx_word' id='word_1_123' title='bbox 1318 1994 1407 2058; x_wconf 90' lang='lat' dir='ltr'>docti</span> 
     </span>
     <span class='ocr_line' id='line_1_16' title="bbox 233 2095 1407 2178; baseline -0.002 -19"><span class='ocrx_word' id='word_1_124' title='bbox 233 2096 367 2178; x_wconf 92' lang='lat' dir='ltr'>qnidam</span> <span class='ocrx_word' id='word_1_125' title='bbox 388 2096 495 2176; x_wconf 93' lang='lat' dir='ltr'>ipsum</span> <span class='ocrx_word' id='word_1_126' title='bbox 518 2095 661 2159; x_wconf 84' lang='lat' dir='ltr'>fortasse</span> <span class='ocrx_word' id='word_1_127' title='bbox 676 2095 740 2160; x_wconf 91' lang='lat' dir='ltr'>hoc</span> <span class='ocrx_word' id='word_1_128' title='bbox 755 2115 887 2159; x_wconf 89' lang='lat' dir='ltr'>carmen</span> <span class='ocrx_word' id='word_1_129' title='bbox 908 2095 1132 2176; x_wconf 87' lang='lat' dir='ltr'>composuisse</span> <span class='ocrx_word' id='word_1_130' title='bbox 1150 2097 1407 2177; x_wconf 86' lang='lat' dir='ltr'>suspicarentur,</span> 
     </span>
     <span class='ocr_line' id='line_1_17' title="bbox 236 2195 1408 2262; baseline 0 -2"><span class='ocrx_word' id='word_1_131' title='bbox 236 2197 336 2261; x_wconf 91' lang='lat' dir='ltr'>etiam</span> <span class='ocrx_word' id='word_1_132' title='bbox 357 2197 392 2260; x_wconf 90' lang='lat' dir='ltr'>in</span> <span class='ocrx_word' id='word_1_133' title='bbox 413 2195 466 2260; x_wconf 85' lang='lat' dir='ltr'>his</span> <span class='ocrx_word' id='word_1_134' title='bbox 489 2196 588 2261; x_wconf 90' lang='lat' dir='ltr'>rebus</span> <span class='ocrx_word' id='word_1_135' title='bbox 612 2197 655 2260; x_wconf 92' lang='lat' dir='ltr'>ad</span> <span class='ocrx_word' id='word_1_136' title='bbox 675 2195 881 2262; x_wconf 88' lang='lat' dir='ltr'>Nonnianam</span> <span class='ocrx_word' id='word_1_137' title='bbox 904 2196 1086 2260; x_wconf 88' lang='lat' dir='ltr'>oraticnem</span> <span class='ocrx_word' id='word_1_138' title='bbox 1108 2195 1241 2260; x_wconf 87' lang='lat' dir='ltr'>finxisse</span> <span class='ocrx_word' id='word_1_139' title='bbox 1265 2203 1408 2261; x_wconf 87' lang='lat' dir='ltr'>suamet</span> 
     </span>
     <span class='ocr_line' id='line_1_18' title="bbox 233 2296 1406 2381; baseline 0 -20"><span class='ocrx_word' id='word_1_140' title='bbox 233 2298 477 2364; x_wconf 91' lang='lat' dir='ltr'>accomodasse.</span> <span class='ocrx_word' id='word_1_141' title='bbox 527 2297 598 2362; x_wconf 91' lang='lat' dir='ltr'>Iam</span> <span class='ocrx_word' id='word_1_142' title='bbox 623 2297 808 2381; x_wconf 83' lang='lat' dir='ltr'>Koechlyus</span> <span class='ocrx_word' id='word_1_143' title='bbox 830 2297 851 2361; x_wconf 94' lang='grc'>1.</span> <span class='ocrx_word' id='word_1_144' title='bbox 881 2297 902 2362; x_wconf 93' lang='grc'>1.</span> <span class='ocrx_word' id='word_1_145' title='bbox 933 2319 964 2379; x_wconf 91' lang='lat' dir='ltr'>p.</span> <span class='ocrx_word' id='word_1_146' title='bbox 993 2301 1012 2360; x_wconf 88' lang='grc'>8</span> <span class='ocrx_word' id='word_1_147' title='bbox 1043 2297 1139 2361; x_wconf 91' lang='lat' dir='ltr'>unius</span> <span class='ocrx_word' id='word_1_148' title='bbox 1172 2296 1315 2362; x_wconf 86' lang='lat' dir='ltr'>Palatini</span> <span class='ocrx_word' id='word_1_149' title='bbox 1345 2317 1406 2380; x_wconf 91' lang='lat' dir='ltr'>ope</span> 
     </span>
     <span class='ocr_line' id='line_1_19' title="bbox 233 2397 1408 2483; baseline -0.002 -19"><span class='ocrx_word' id='word_1_150' title='bbox 233 2401 516 2464; x_wconf 86' lang='lat' dir='ltr'>demonstraverat</span> <span class='ocrx_word' id='word_1_151' title='bbox 545 2397 719 2463; x_wconf 88' lang='lat' dir='ltr'>nonnullas</span> <span class='ocrx_word' id='word_1_152' title='bbox 749 2399 838 2480; x_wconf 91' lang='lat' dir='ltr'>leges</span> <span class='ocrx_word' id='word_1_153' title='bbox 867 2419 886 2462; x_wconf 94' lang='lat' dir='ltr'>a</span> <span class='ocrx_word' id='word_1_154' title='bbox 916 2397 1031 2462; x_wconf 86' lang='lat' dir='ltr'>Nonne</span> <span class='ocrx_word' id='word_1_155' title='bbox 1060 2399 1111 2463; x_wconf 86' lang='lat' dir='ltr'>vel</span> <span class='ocrx_word' id='word_1_156' title='bbox 1138 2400 1327 2483; x_wconf 89' lang='lat' dir='ltr'>propositas</span> <span class='ocrx_word' id='word_1_157' title='bbox 1356 2400 1408 2462; x_wconf 85' lang='lat' dir='ltr'>vel</span> 
     </span>
     <span class='ocr_line' id='line_1_20' title="bbox 233 2497 1407 2582; baseline -0.002 -18"><span class='ocrx_word' id='word_1_158' title='bbox 233 2501 426 2566; x_wconf 85' lang='lat' dir='ltr'>observatas</span> <span class='ocrx_word' id='word_1_159' title='bbox 449 2500 549 2564; x_wconf 89' lang='lat' dir='ltr'>etiam</span> <span class='ocrx_word' id='word_1_160' title='bbox 571 2500 660 2581; x_wconf 88' lang='lat' dir='ltr'>apud</span> <span class='ocrx_word' id='word_1_161' title='bbox 680 2497 853 2564; x_wconf 91' lang='lat' dir='ltr'>Musaeum</span> <span class='ocrx_word' id='word_1_162' title='bbox 873 2498 997 2576; x_wconf 88' lang='lat' dir='ltr'>valere;</span> <span class='ocrx_word' id='word_1_163' title='bbox 1020 2520 1080 2582; x_wconf 89' lang='lat' dir='ltr'>ego</span> <span class='ocrx_word' id='word_1_164' title='bbox 1103 2521 1179 2564; x_wconf 87' lang='lat' dir='ltr'>vero</span> <span class='ocrx_word' id='word_1_165' title='bbox 1202 2501 1293 2565; x_wconf 90' lang='lat' dir='ltr'>novis</span> <span class='ocrx_word' id='word_1_166' title='bbox 1316 2499 1407 2564; x_wconf 94' lang='lat' dir='ltr'>codi-</span> 
     </span>
     <span class='ocr_line' id='line_1_21' title="bbox 233 2601 1406 2684; baseline -0.001 -18"><span class='ocrx_word' id='word_1_167' title='bbox 233 2623 308 2666; x_wconf 91' lang='lat' dir='ltr'>cum</span> <span class='ocrx_word' id='word_1_168' title='bbox 330 2601 433 2682; x_wconf 91' lang='lat' dir='ltr'>ccpiis</span> <span class='ocrx_word' id='word_1_169' title='bbox 456 2603 638 2666; x_wconf 88' lang='lat' dir='ltr'>instructus</span> <span class='ocrx_word' id='word_1_170' title='bbox 662 2621 775 2666; x_wconf 90' lang='lat' dir='ltr'>omnes</span> <span class='ocrx_word' id='word_1_171' title='bbox 799 2603 929 2666; x_wconf 92' lang='lat' dir='ltr'>omnino</span> <span class='ocrx_word' id='word_1_172' title='bbox 960 2601 1049 2684; x_wconf 87' lang='lat' dir='ltr'>leges</span> <span class='ocrx_word' id='word_1_173' title='bbox 1071 2601 1262 2666; x_wconf 90' lang='lat' dir='ltr'>Nonniauas</span> <span class='ocrx_word' id='word_1_174' title='bbox 1293 2602 1406 2665; x_wconf 91' lang='lat' dir='ltr'>obser·</span> 
     </span>
     <span class='ocr_line' id='line_1_22' title="bbox 232 2701 1405 2784; baseline -0.003 -16"><span class='ocrx_word' id='word_1_175' title='bbox 232 2723 327 2768; x_wconf 87' lang='lat' dir='ltr'>vasse</span> <span class='ocrx_word' id='word_1_176' title='bbox 350 2701 520 2766; x_wconf 87' lang='lat' dir='ltr'>Musaeum</span> <span class='ocrx_word' id='word_1_177' title='bbox 543 2722 737 2784; x_wconf 88' lang='lat' dir='ltr'>persuasum</span> <span class='ocrx_word' id='word_1_178' title='bbox 760 2703 879 2768; x_wconf 90' lang='lat' dir='ltr'>habeo:</span> <span class='ocrx_word' id='word_1_179' title='bbox 904 2709 940 2768; x_wconf 91' lang='lat' dir='ltr'>ut</span> <span class='ocrx_word' id='word_1_180' title='bbox 963 2702 1087 2768; x_wconf 89' lang='lat' dir='ltr'>saeculi</span> <span class='ocrx_word' id='word_1_181' title='bbox 1110 2701 1313 2767; x_wconf 89' lang='lat' dir='ltr'>consuetudo</span> <span class='ocrx_word' id='word_1_182' title='bbox 1333 2722 1405 2765; x_wconf 91' lang='lat' dir='ltr'>esse</span> 
     </span>
     <span class='ocr_line' id='line_1_23' title="bbox 231 2803 1406 2886; baseline -0.002 -18"><span class='ocrx_word' id='word_1_183' title='bbox 231 2803 382 2868; x_wconf 86' lang='lat' dir='ltr'>videatur</span> <span class='ocrx_word' id='word_1_184' title='bbox 404 2804 529 2883; x_wconf 90' lang='lat' dir='ltr'>omnia,</span> <span class='ocrx_word' id='word_1_185' title='bbox 557 2804 707 2869; x_wconf 91' lang='lat' dir='ltr'>codicum</span> <span class='ocrx_word' id='word_1_186' title='bbox 733 2805 895 2886; x_wconf 90' lang='lat' dir='ltr'>memoria,</span> <span class='ocrx_word' id='word_1_187' title='bbox 926 2803 1030 2868; x_wconf 91' lang='lat' dir='ltr'>sicubi</span> <span class='ocrx_word' id='word_1_188' title='bbox 1059 2805 1186 2870; x_wconf 90' lang='lat' dir='ltr'>incerta</span> <span class='ocrx_word' id='word_1_189' title='bbox 1209 2809 1259 2869; x_wconf 87' lang='lat' dir='ltr'>est</span> <span class='ocrx_word' id='word_1_190' title='bbox 1282 2810 1314 2868; x_wconf 90' lang='lat' dir='ltr'>et</span> <span class='ocrx_word' id='word_1_191' title='bbox 1338 2824 1406 2866; x_wconf 92' lang='lat' dir='ltr'>am-</span> 
     </span>
     <span class='ocr_line' id='line_1_24' title="bbox 232 2904 1032 2990; baseline -0.004 -21"><span class='ocrx_word' id='word_1_192' title='bbox 232 2905 341 2987; x_wconf 89' lang='lat' dir='ltr'>bigua,</span> <span class='ocrx_word' id='word_1_193' title='bbox 357 2905 425 2970; x_wconf 83' lang='lat' dir='ltr'>fere</span> <span class='ocrx_word' id='word_1_194' title='bbox 440 2904 533 2970; x_wconf 91' lang='lat' dir='ltr'>nihil.</span> <span class='ocrx_word' id='word_1_195' title='bbox 561 2905 615 2970; x_wconf 92' lang='lat' dir='ltr'>Ita</span> <span class='ocrx_word' id='word_1_196' title='bbox 630 2905 765 2990; x_wconf 91' lang='lat' dir='ltr'>scripsit</span> <span class='ocrx_word' id='word_1_197' title='bbox 779 2905 934 2970; x_wconf 86' lang='lat' dir='ltr'>Musaeus</span> <span class='ocrx_word' id='word_1_198' title='bbox 950 2928 979 2972; x_wconf 90' lang='lat' dir='ltr'>v.</span> <span class='ocrx_word' id='word_1_199' title='bbox 995 2909 1032 2969; x_wconf 86' lang='grc'>61</span> 
     </span>
     <span class='ocr_line' id='line_1_25' title="bbox 960 3005 1203 3091; baseline 0 -21"><span class='ocrx_word' id='word_1_200' title='bbox 960 3005 1152 3091; x_wconf 83' lang='grc' dir='ltr'>νεισσομὲνης</span> <span class='ocrx_word' id='word_1_201' title='bbox 1169 3005 1203 3070; x_wconf 85' lang='grc' dir='ltr'>δὲ</span> 
     </span>
     <span class='ocr_line' id='line_1_26' title="bbox 321 3103 1215 3193; baseline 0.001 -23"><span class='ocrx_word' id='word_1_202' title='bbox 321 3103 373 3170; x_wconf 83' lang='grc' dir='ltr'>καὶ</span> <span class='ocrx_word' id='word_1_203' title='bbox 395 3107 471 3192; x_wconf 78' lang='grc' dir='ltr'>ῥόδα</span> <span class='ocrx_word' id='word_1_204' title='bbox 494 3104 717 3193; x_wconf 84' lang='grc' dir='ltr'>λευκοχίτωνυς</span> <span class='ocrx_word' id='word_1_205' title='bbox 741 3105 796 3170; x_wconf 83' lang='grc' dir='ltr'>ὑπὸ</span> <span class='ocrx_word' id='word_1_206' title='bbox 820 3105 919 3191; x_wconf 84' lang='grc' dir='ltr'>σιρύρα</span> <span class='ocrx_word' id='word_1_207' title='bbox 940 3105 1079 3191; x_wconf 78' lang='grc' dir='ltr'><strong>λάμπετο</strong></span> <span class='ocrx_word' id='word_1_208' title='bbox 1103 3108 1215 3192; x_wconf 84' lang='grc' dir='ltr'><strong>κούρης</strong></span> 
     </span>
    </p>

    <p class='ocr_par' dir='ltr' id='par_1_4' title="bbox 233 3208 1405 3798">
     <span class='ocr_line' id='line_1_27' title="bbox 233 3208 1404 3294; baseline 0 -22"><span class='ocrx_word' id='word_1_209' title='bbox 233 3228 298 3272; x_wconf 89' lang='lat' dir='ltr'>non</span> <span class='ocrx_word' id='word_1_210' title='bbox 321 3210 504 3294; x_wconf 76' lang='grc' dir='ltr'>νισσομένης,</span> <span class='ocrx_word' id='word_1_211' title='bbox 528 3211 615 3292; x_wconf 91' lang='lat' dir='ltr'>quod</span> <span class='ocrx_word' id='word_1_212' title='bbox 637 3211 787 3276; x_wconf 89' lang='lat' dir='ltr'>inlibris</span> <span class='ocrx_word' id='word_1_213' title='bbox 811 3210 910 3274; x_wconf 87' lang='lat' dir='ltr'>editis</span> <span class='ocrx_word' id='word_1_214' title='bbox 933 3210 1179 3292; x_wconf 84' lang='lat' dir='ltr'>circumfertur3</span> <span class='ocrx_word' id='word_1_215' title='bbox 1207 3208 1289 3273; x_wconf 91' lang='lat' dir='ltr'>illud</span> <span class='ocrx_word' id='word_1_216' title='bbox 1318 3209 1404 3274; x_wconf 90' lang='lat' dir='ltr'>enim</span> 
     </span>
     <span class='ocr_line' id='line_1_28' title="bbox 233 3310 1404 3394; baseline 0 -20"><span class='ocrx_word' id='word_1_217' title='bbox 233 3310 339 3374; x_wconf 89' lang='lat' dir='ltr'>estin</span> <span class='ocrx_word' id='word_1_218' title='bbox 362 3333 382 3372; x_wconf 90' lang='grc' dir='ltr'>α</span> <span class='ocrx_word' id='word_1_219' title='bbox 404 3317 437 3375; x_wconf 92' lang='lat' dir='ltr'>et</span> <span class='ocrx_word' id='word_1_220' title='bbox 452 3317 524 3374; x_wconf 89' lang='lat' dir='ltr'>erat</span> <span class='ocrx_word' id='word_1_221' title='bbox 544 3313 577 3374; x_wconf 93' lang='lat' dir='ltr'>in</span> <span class='ocrx_word' id='word_1_222' title='bbox 592 3311 629 3392; x_wconf 87' lang='lat' dir='ltr'>R,</span> <span class='ocrx_word' id='word_1_223' title='bbox 651 3313 685 3376; x_wconf 90' lang='lat' dir='ltr'>in</span> <span class='ocrx_word' id='word_1_224' title='bbox 708 3333 772 3394; x_wconf 94' lang='lat' dir='ltr'>quo</span> <span class='ocrx_word' id='word_1_225' title='bbox 795 3311 899 3374; x_wconf 91' lang='lat' dir='ltr'>multa</span> <span class='ocrx_word' id='word_1_226' title='bbox 922 3310 1052 3374; x_wconf 88' lang='lat' dir='ltr'>omnino</span> <span class='ocrx_word' id='word_1_227' title='bbox 1074 3312 1118 3374; x_wconf 87' lang='lat' dir='ltr'>ad</span> <span class='ocrx_word' id='word_1_228' title='bbox 1139 3311 1270 3394; x_wconf 91' lang='lat' dir='ltr'>priscae</span> <span class='ocrx_word' id='word_1_229' title='bbox 1293 3310 1404 3374; x_wconf 88' lang='lat' dir='ltr'>ortho-</span> 
     </span>
     <span class='ocr_line' id='line_1_29' title="bbox 233 3405 1404 3495; baseline 0.002 -21"><span class='ocrx_word' id='word_1_230' title='bbox 233 3411 391 3493; x_wconf 84' lang='lat' dir='ltr'>graphiae</span> <span class='ocrx_word' id='word_1_231' title='bbox 421 3432 570 3475; x_wconf 89' lang='lat' dir='ltr'>ncrmam</span> <span class='ocrx_word' id='word_1_232' title='bbox 598 3411 724 3491; x_wconf 89' lang='lat' dir='ltr'>scripta</span> <span class='ocrx_word' id='word_1_233' title='bbox 753 3417 829 3473; x_wconf 93' lang='lat' dir='ltr'>sunt</span> <span class='ocrx_word' id='word_1_234' title='bbox 857 3411 945 3474; x_wconf 88' lang='lat' dir='ltr'>velut</span> <span class='ocrx_word' id='word_1_235' title='bbox 972 3431 1000 3474; x_wconf 86' lang='lat' dir='ltr'>v.</span> <span class='ocrx_word' id='word_1_236' title='bbox 1028 3415 1068 3474; x_wconf 85' lang='grc'>44</span> <span class='ocrx_word' id='word_1_237' title='bbox 1101 3405 1263 3495; x_wconf 75' lang='grc' dir='ltr'>πασσυδίῃ,</span> <span class='ocrx_word' id='word_1_238' title='bbox 1291 3434 1319 3475; x_wconf 89' lang='lat' dir='ltr'>v.</span> <span class='ocrx_word' id='word_1_239' title='bbox 1347 3417 1404 3476; x_wconf 84' lang='lat'>118</span> 
     </span>
     <span class='ocr_line' id='line_1_30' title="bbox 233 3509 1405 3593; baseline 0.002 -19"><span class='ocrx_word' id='word_1_240' title='bbox 233 3510 329 3592; x_wconf 84' lang='grc' dir='ltr'>εἷλκε,</span> <span class='ocrx_word' id='word_1_241' title='bbox 351 3534 378 3575; x_wconf 85' lang='lat' dir='ltr'>v.</span> <span class='ocrx_word' id='word_1_242' title='bbox 404 3517 462 3576; x_wconf 90' lang='lat'>133</span> <span class='ocrx_word' id='word_1_243' title='bbox 492 3509 610 3581; x_wconf 76' lang='grc' dir='ltr'>κύοοας.</span> <span class='ocrx_word' id='word_1_244' title='bbox 654 3512 761 3593; x_wconf 84' lang='lat' dir='ltr'>Atque</span> <span class='ocrx_word' id='word_1_245' title='bbox 789 3532 826 3575; x_wconf 90' lang='lat' dir='ltr'>co</span> <span class='ocrx_word' id='word_1_246' title='bbox 851 3512 973 3575; x_wconf 89' lang='lat' dir='ltr'>certior</span> <span class='ocrx_word' id='word_1_247' title='bbox 995 3510 1161 3593; x_wconf 89' lang='lat' dir='ltr'>scriptura</span> <span class='ocrx_word' id='word_1_248' title='bbox 1189 3510 1247 3575; x_wconf 90' lang='lat' dir='ltr'>illa</span> <span class='ocrx_word' id='word_1_249' title='bbox 1274 3513 1405 3576; x_wconf 88' lang='lat' dir='ltr'>videtur</span> 
     </span>
     <span class='ocr_line' id='line_1_31' title="bbox 233 3611 1404 3696; baseline -0.002 -19"><span class='ocrx_word' id='word_1_250' title='bbox 233 3634 315 3694; x_wconf 89' lang='lat' dir='ltr'>esse,</span> <span class='ocrx_word' id='word_1_251' title='bbox 338 3613 426 3696; x_wconf 90' lang='lat' dir='ltr'>quod</span> <span class='ocrx_word' id='word_1_252' title='bbox 440 3611 595 3677; x_wconf 90' lang='lat' dir='ltr'>Musaeus</span> <span class='ocrx_word' id='word_1_253' title='bbox 618 3613 778 3688; x_wconf 84' lang='lat' dir='ltr'>Nonnum,</span> <span class='ocrx_word' id='word_1_254' title='bbox 806 3612 861 3693; x_wconf 91' lang='lat' dir='ltr'>qui</span> <span class='ocrx_word' id='word_1_255' title='bbox 885 3611 1006 3694; x_wconf 88' lang='lat' dir='ltr'>ubique</span> <span class='ocrx_word' id='word_1_256' title='bbox 1029 3611 1118 3676; x_wconf 87' lang='lat' dir='ltr'>etin</span> <span class='ocrx_word' id='word_1_257' title='bbox 1142 3612 1347 3696; x_wconf 86' lang='lat' dir='ltr'>Dionysiacis</span> <span class='ocrx_word' id='word_1_258' title='bbox 1371 3619 1404 3677; x_wconf 91' lang='lat' dir='ltr'>et</span> 
     </span>
     <span class='ocr_line' id='line_1_32' title="bbox 233 3712 1403 3798; baseline -0.003 -18"><span class='ocrx_word' id='word_1_259' title='bbox 233 3717 267 3780; x_wconf 91' lang='lat' dir='ltr'>in</span> <span class='ocrx_word' id='word_1_260' title='bbox 289 3714 492 3798; x_wconf 87' lang='lat' dir='ltr'>metaphrasi</span> <span class='ocrx_word' id='word_1_261' title='bbox 515 3714 675 3796; x_wconf 86' lang='lat' dir='ltr'>evangelii</span> <span class='ocrx_word' id='word_1_262' title='bbox 696 3713 835 3778; x_wconf 88' lang='lat' dir='ltr'>Joannei</span> <span class='ocrx_word' id='word_1_263' title='bbox 856 3714 996 3777; x_wconf 80' lang='lat' dir='ltr'>formam</span> <span class='ocrx_word' id='word_1_264' title='bbox 1018 3734 1077 3796; x_wconf 90' lang='lat' dir='ltr'>per</span> <span class='ocrx_word' id='word_1_265' title='bbox 1099 3717 1129 3776; x_wconf 81' lang='grc' dir='ltr'>εἰ</span> <span class='ocrx_word' id='word_1_266' title='bbox 1158 3712 1269 3795; x_wconf 91' lang='lat' dir='ltr'>habet,</span> <span class='ocrx_word' id='word_1_267' title='bbox 1296 3715 1403 3778; x_wconf 89' lang='lat' dir='ltr'>imita-</span> 
     </span>
    </p>
   </div>
   <div class='ocr_carea' id='block_1_4' title="bbox 129 3815 858 3902">
    <p class='ocr_par' dir='ltr' id='par_1_5' title="bbox 129 3815 858 3902">
     <span class='ocr_line' id='line_1_33' title="bbox 129 3815 858 3902; baseline -0.001 -22"><span class='ocrx_word' id='word_1_268' title='bbox 129 3857 131 3861; x_wconf 91' lang='lat'>·</span> <span class='ocrx_word' id='word_1_269' title='bbox 234 3818 323 3882; x_wconf 90' lang='lat' dir='ltr'>tione</span> <span class='ocrx_word' id='word_1_270' title='bbox 346 3816 519 3896; x_wconf 87' lang='lat' dir='ltr'>expressit:</span> <span class='ocrx_word' id='word_1_271' title='bbox 543 3815 585 3882; x_wconf 86' lang='lat' dir='ltr'>cf.</span> <span class='ocrx_word' id='word_1_272' title='bbox 607 3816 740 3902; x_wconf 86' lang='lat' dir='ltr'>Dionys.</span> <span class='ocrx_word' id='word_1_273' title='bbox 764 3820 858 3896; x_wconf 72' lang='lat' dir='ltr'>lopas</span> 
     </span>
    </p>
   </div>
   <div class='ocr_carea' id='block_1_5' title="bbox 326 3913 1137 4102">
    <p class='ocr_par' dir='ltr' id='par_1_6' title="bbox 326 3913 1137 4102">
     <span class='ocr_line' id='line_1_34' title="bbox 884 3913 1131 3997; baseline 0 -19"><span class='ocrx_word' id='word_1_274' title='bbox 884 3913 1073 3997; x_wconf 82' lang='grc' dir='ltr'>υειυσορένου</span> <span class='ocrx_word' id='word_1_275' title='bbox 1098 3913 1131 3978; x_wconf 86' lang='grc' dir='ltr'>δὲ</span> 
     </span>
     <span class='ocr_line' id='line_1_35' title="bbox 326 4012 1137 4102; baseline -0.002 -22"><span class='ocrx_word' id='word_1_276' title='bbox 326 4018 359 4080; x_wconf 81' lang='grc' dir='ltr'>ἐκ</span> <span class='ocrx_word' id='word_1_277' title='bbox 383 4013 474 4087; x_wconf 82' lang='grc' dir='ltr'>ποδὸς</span> <span class='ocrx_word' id='word_1_278' title='bbox 498 4015 660 4102; x_wconf 83' lang='grc' dir='ltr'>ἀργυφέοιο</span> <span class='ocrx_word' id='word_1_279' title='bbox 685 4018 782 4102; x_wconf 77' lang='grc' dir='ltr'>ῥόδων</span> <span class='ocrx_word' id='word_1_280' title='bbox 805 4012 983 4100; x_wconf 79' lang='grc' dir='ltr'>ἐρυθαίνετο</span> <span class='ocrx_word' id='word_1_281' title='bbox 1006 4015 1137 4099; x_wconf 81' lang='grc' dir='ltr'>λαιμὼν.</span> 
     </span>
    </p>
   </div>
   <div class='ocr_carea' id='block_1_6' title="bbox 233 4131 1403 4318">
    <p class='ocr_par' dir='ltr' id='par_1_7' title="bbox 233 4131 1403 4318">
     <span class='ocr_line' id='line_1_36' title="bbox 233 4131 1403 4221; baseline -0.005 -19"><span class='ocrx_word' id='word_1_282' title='bbox 233 4160 260 4202; x_wconf 85' lang='lat' dir='ltr'>v.</span> <span class='ocrx_word' id='word_1_283' title='bbox 280 4140 340 4200; x_wconf 81' lang='lat'>236</span> <span class='ocrx_word' id='word_1_284' title='bbox 358 4143 390 4200; x_wconf 90' lang='lat' dir='ltr'>et</span> <span class='ocrx_word' id='word_1_285' title='bbox 406 4141 466 4201; x_wconf 86' lang='lat'>332</span> <span class='ocrx_word' id='word_1_286' title='bbox 485 4138 560 4221; x_wconf 87' lang='lat' dir='ltr'>jure</span> <span class='ocrx_word' id='word_1_287' title='bbox 584 4155 642 4199; x_wconf 89' lang='lat' dir='ltr'>suo</span> <span class='ocrx_word' id='word_1_288' title='bbox 665 4135 811 4200; x_wconf 89' lang='lat' dir='ltr'>restituit</span> <span class='ocrx_word' id='word_1_289' title='bbox 833 4133 1046 4199; x_wconf 88' lang='lat' dir='ltr'>Heinrichius</span> <span class='ocrx_word' id='word_1_290' title='bbox 1068 4155 1097 4216; x_wconf 91' lang='lat' dir='ltr'>p.</span> <span class='ocrx_word' id='word_1_291' title='bbox 1122 4136 1180 4196; x_wconf 83' lang='lat'>132</span> <span class='ocrx_word' id='word_1_292' title='bbox 1206 4131 1403 4217; x_wconf 86' lang='lat' dir='ltr'>adjectivum</span> 
     </span>
     <span class='ocr_line' id='line_1_37' title="bbox 235 4233 1402 4318; baseline -0.001 -19"><span class='ocrx_word' id='word_1_293' title='bbox 235 4236 447 4307; x_wconf 78' lang='grc' dir='ltr'>πολύκλαυτος</span> <span class='ocrx_word' id='word_1_294' title='bbox 469 4241 619 4318; x_wconf 86' lang='lat' dir='ltr'>exempta</span> <span class='ocrx_word' id='word_1_295' title='bbox 639 4237 752 4300; x_wconf 89' lang='lat' dir='ltr'>littera</span> <span class='ocrx_word' id='word_1_296' title='bbox 774 4259 798 4301; x_wconf 82' lang='grc' dir='ltr'>ο.</span> <span class='ocrx_word' id='word_1_297' title='bbox 844 4234 973 4300; x_wconf 82' lang='lat' dir='ltr'>Etenim</span> <span class='ocrx_word' id='word_1_298' title='bbox 996 4255 1195 4317; x_wconf 87' lang='lat' dir='ltr'>quamquam</span> <span class='ocrx_word' id='word_1_299' title='bbox 1217 4234 1292 4298; x_wconf 88' lang='lat' dir='ltr'>aliis</span> <span class='ocrx_word' id='word_1_300' title='bbox 1322 4233 1402 4298; x_wconf 91' lang='lat' dir='ltr'>scri-</span> 
     </span>
    </p>
   </div>
   <div class='ocr_carea' id='block_1_7' title="bbox 0 0 1582 4786">
    <p class='ocr_par' dir='ltr' id='par_1_8' title="bbox 0 0 1582 4786">
     <span class='ocr_line' id='line_1_38' title="bbox 0 0 1582 4786; baseline 0 0"><span class='ocrx_word' id='word_1_301' title='bbox 0 0 1582 4786; x_wconf 95' lang='lat' dir='ltr'> </span> 
     </span>
    </p>
   </div>
  </div>
 </body>
</html>
