3150 4786
691 370 901 430 „23-

210 537 427 604 examinando
460 557 656 621 progressus
698 558 784 619 sum,
813 557 852 603 eo
888 535 1011 602 certius
1042 535 1176 620 cognovi
1207 557 1280 603 esse
1310 555 1386 600 sum

210 637 253 704 ab
273 638 330 705 illo
347 660 485 724 prorsus
508 640 682 705 diversum.
728 639 772 704 Et
801 637 941 703 maxime
971 635 1128 702 differunt
1150 637 1284 722 quidem
1305 657 1332 702 v.
1354 641 1386 719 9,

211 740 269 806 ubi
291 741 325 805 in
341 740 519 806 Schraderi
535 740 696 806 Vossiano
720 746 772 805 est
786 741 835 825 ἐφ,
857 739 891 804 in
906 738 1060 804 Leidensi
1075 739 1121 820 ἐς;
1142 761 1171 806 v.
1195 741 1254 806 101
1279 737 1387 824 ἔληξεν

210 843 243 906 in
265 842 338 926 illo,
368 842 502 914 ἐλέλιξεν
524 843 558 908 in
580 843 657 922 hoc;
688 866 716 909 v.
742 846 803 908 114
826 839 860 906 δέ
882 843 916 907 in
937 841 1008 922 illo,
1038 839 1092 924 μέν
1113 841 1148 905 in
1169 841 1249 922 hoc;
1270 863 1298 906 v.
1325 845 1385 904 118

212 941 371 1027 θαρσαλέη
395 943 430 1007 in
451 943 517 1024 illo,
541 943 722 1029 θαρσαλέως
744 943 777 1008 in
799 943 870 1010 hoc.
915 943 1054 1009 Videtur
1076 950 1186 1010 autem
1209 942 1387 1009 Schraderi

215 1044 317 1110 codex
331 1042 528 1110 Vaticanum
550 1051 583 1110 et
600 1046 758 1112 Venetum
782 1048 977 1129 cognatione
993 1045 1164 1128 attingere,
1186 1043 1386 1129 quibuscum

212 1166 343 1212 versum
369 1150 428 1213 188
450 1152 527 1230 post
549 1168 680 1213 versum
703 1153 742 1212 33
765 1148 906 1214 inseruit
929 1147 1053 1213 eisdem
1075 1147 1143 1213 fere
1165 1146 1386 1212 mendiscon-

209 1250 414 1313 taminatum.
458 1249 599 1314 Praebet
628 1250 715 1315 enim
736 1249 915 1316 Vaticanus
934 1244 1024 1332 Ἢνὶ,
1050 1248 1196 1315 Venetus
1218 1244 1276 1330 Hi,
1303 1246 1386 1314 Vos-

213 1351 325 1416 sianus
347 1351 381 1433 ἢ,
413 1350 514 1414 ceteri
535 1372 613 1417 vero
638 1341 672 1438 ᾧ.
715 1351 861 1418 Similem
891 1372 1086 1418 consensum
1110 1349 1385 1436 deprehendimus

211 1477 239 1520 v.
261 1460 310 1536 34,
332 1455 390 1520 ubi
413 1473 472 1534 pro
496 1451 630 1518 οὐδέποτ’
656 1454 837 1521 Vaticanus
860 1458 892 1522 et
909 1453 1051 1520 Venetus
1073 1452 1197 1518 habent
1219 1450 1254 1515 οὐ
1278 1446 1385 1536 δύνατ’,

212 1553 395 1620 Vossianus
418 1548 478 1615 οὐδ’
505 1553 572 1617 δύνε
596 1551 630 1618 τ’.

296 1656 386 1720 Duos
417 1656 478 1721 hos
516 1656 647 1723 codices
674 1655 855 1722 Vossianos
883 1653 933 1720 ita
964 1653 1104 1737 notabo,
1138 1659 1176 1720 ut
1209 1653 1386 1722 Schraderi

212 1756 357 1822 codicem
372 1756 570 1823 Vossianum
591 1759 659 1824 Vor
685 1758 820 1842 signem,
843 1779 918 1824 eum
939 1776 1025 1837 vero,
1048 1776 1145 1839 quem
1168 1776 1228 1839 ego
1251 1755 1385 1838 contuli,

213 1859 294 1925 Vol,
339 1857 378 1922 In
400 1860 519 1925 ceteris
543 1860 756 1944 designandis
778 1859 831 1925 his
848 1859 940 1943 siglis
956 1865 1048 1926 utor:
1069 1857 1239 1924 Palatinus
1262 1858 1298 1943 P,
1320 1857 1385 1924 Va·

212 1960 344 2024 ticanus
366 1959 432 2042 Va,
461 1961 605 2028 Venetus
632 1965 694 2044 Ve,
725 1962 896 2029 Parisinus
927 1961 1061 2028 2600R
1089 1961 1226 2046 ejusque
1257 1979 1385 2025 correc-

211 2067 307 2126 turae
330 2081 415 2127 corr.
431 2062 478 2143 R,
494 2063 666 2129 Gothanus
689 2063 728 2144 G,
750 2063 951 2129 Barthianus
975 2062 1010 2144 d,
1033 2062 1135 2127 editio
1156 2060 1338 2127 Lascarina
1353 2061 1385 2126 S.

151 2191 155 2200 ·
213 2161 350 2228 Codices
372 2162 570 2231 Bodleianos
594 2187 668 2231 cum
688 2165 834 2230 Roevero
859 2165 997 2248 signabo
1019 2164 1056 2228 A.
1079 2163 1115 2228 B.
1136 2159 1171 2227 (λ

297 2265 446 2351 Quinque
469 2266 629 2350 codicum,
653 2267 772 2350 quibus
794 2288 855 2332 nos
870 2273 1003 2349 praeter
1017 2264 1238 2332 Rocverianos
1253 2263 1385 2345 utimur,

212 2366 318 2448 copiis
341 2368 481 2451 cognitis
504 2367 547 2433 ad
575 2368 715 2433 alterum
746 2368 843 2454 hujus
867 2367 1101 2453 disputationis
1130 2371 1231 2451 caput
1252 2384 1387 2450 progre-

181 2486 183 2490 ·
214 2467 332 2550 dimur,
355 2477 392 2536 ut
414 2492 499 2554 quae
520 2470 607 2534 inter
629 2472 760 2536 codices
775 2471 984 2536 intercedant
998 2468 1144 2534 rationes
1161 2467 1385 2552 exploremus:

213 2591 280 2653 qua
310 2571 443 2654 quidem
472 2591 574 2654 opera
605 2571 886 2657 opportunitatem
923 2572 1034 2656 potius
1076 2590 1174 2652 quam
1209 2568 1383 2634 consilium

213 2671 328 2754 secuti,
352 2693 427 2737 cum
450 2673 490 2738 de
513 2673 663 2739 codicum
678 2673 705 2738 R
721 2695 741 2736 α
762 2674 958 2756 cognatione
980 2673 1175 2752 diceremus,
1187 2671 1257 2753 jam
1273 2689 1386 2733 sumus

212 2771 325 2855 aliqua
347 2794 386 2839 ex
411 2780 508 2858 parte
535 2773 689 2841 defuncti.
736 2774 784 2840 Ac
811 2774 925 2839 statim
947 2773 990 2838 ab
1013 2772 1122 2853 initio,
1149 2791 1189 2836 ne
1219 2769 1385 2834 inutilium

214 2876 383 2957 copiarum
406 2897 504 2942 onere
527 2878 649 2943 obruta
672 2877 852 2958 disputatio
884 2894 967 2958 quae
991 2873 1140 2956 sequitur
1161 2891 1279 2954 parum
1301 2870 1386 2935 dilu-

215 2975 290 3041 cida
312 2977 441 3059 evadat,
464 2999 484 3042 a
507 2979 625 3044 ceteris
648 2978 728 3043 licet
748 2979 918 3060 sejungere
942 2997 961 3036 α
982 2973 1129 3040 familiae
1152 2971 1292 3056 codices,
1314 2971 1386 3054 qui·

214 3078 277 3143 bus
301 3078 329 3140 si
351 3099 549 3160 careremus,
572 3100 639 3145 non
659 3079 733 3164 plus
757 3078 868 3144 damni
889 3076 1024 3142 fecisset
1046 3074 1182 3139 criticus
1204 3079 1388 3158 apparatus

218 3199 335 3262 quam,
358 3200 432 3244 cum
455 3180 590 3263 adsunt,
613 3182 697 3247 lucri
717 3181 814 3260 iacit,
838 3184 871 3244 et
889 3178 1089 3243 Vossianum
1111 3175 1266 3256 alterum,
1295 3175 1387 3260 cujus

216 3277 313 3359 ratic,
337 3300 411 3344 cum
433 3282 551 3362 exigua
577 3288 706 3348 tantum
727 3302 805 3366 pars
829 3279 950 3345 collata
980 3279 1037 3356 sit,
1067 3274 1243 3341 admodum
1265 3281 1318 3341 est
1338 3277 1387 3340 in·

214 3384 317 3445 certa.
361 3380 409 3446 De
433 3382 547 3447 codice
576 3389 687 3448 autem
709 3381 862 3448 Gothano
890 3384 924 3443 et
952 3377 992 3442 de
1014 3375 1204 3442 Bodleianis
1226 3376 1303 3459 ΑΟ,
1332 3377 1388 3460 qui

216 3481 315 3546 simili
336 3481 433 3547 modo
456 3489 553 3567 atque
576 3483 667 3549 abc
689 3502 788 3546 unam
804 3479 950 3546 efficiunt
963 3477 1133 3567 familiam,
1157 3498 1256 3561 quam
1276 3479 1389 3544 littera

216 3583 234 3668 β
258 3583 398 3665 notabo,
428 3605 501 3650 cum
524 3585 607 3650 nihil
634 3583 703 3650 iere
731 3582 891 3664 habeant,
921 3579 1041 3664 quibus
1068 3577 1288 3663 praeferendi,
1315 3599 1390 3662 per.

215 3685 321 3750 multa
348 3705 438 3768 vero,
468 3687 590 3770 quibus
616 3683 837 3770 posthabendi
867 3683 932 3748 sint-
968 3680 1104 3760 ceteris,
1132 3679 1220 3744 infra
1246 3677 1390 3744 breviter

220 3785 378 3852 dicemus.
421 3786 474 3853 lta
496 3788 541 3871 fit,
564 3794 602 3853 ut
624 3792 832 3852 sextantum
854 3789 980 3848 restent
1002 3782 1149 3847 codices:
1172 3781 1197 3844 P
1218 3780 1270 3847 Va
1290 3780 1339 3846 Ve
1361 3779 1388 3843 R

219 3885 246 3950 B
270 3885 349 3969 Vor,
373 3888 429 3971 qui
453 3887 514 3953 soli
537 3888 581 3952 ad
603 3888 843 3954 emendandum
864 3884 1038 3949 Musaeum
1059 3885 1177 3949 valent.

301 3987 449 4054 Arduum
471 4009 511 4055 ac
534 3987 668 4054 difficile
692 3988 868 4071 adgredior
890 4005 973 4068 opus
996 3985 1037 4050 de
1060 3983 1229 4048 codicibus
1252 3980 1301 4046 eis
1324 3980 1391 4046 dis·

215 4094 409 4172 putaturus,
446 4111 585 4174 quorum
621 4090 736 4174 copiae
772 4108 837 4153 non
869 4093 939 4152 tam
972 4085 1160 4168 exploratae
1191 4083 1257 4147 sint
1292 4086 1391 4165 atque

217 4197 368 4276 apertae,
399 4197 436 4259 ut
458 4197 586 4259 certum
603 4189 768 4278 judicium
794 4189 904 4255 facere
925 4186 1034 4252 liceat.
1077 4181 1207 4248 Etenim
1230 4203 1305 4250 cum
1325 4202 1390 4248 uno
