3150 4786
713 372 900 430 ..6-

141 569 144 573 ·
217 555 412 618 graecarum
434 541 560 616 auctor,
584 533 676 618 cujus
699 534 902 600 bibliotheca
924 535 1035 616 paullo
1057 539 1134 616 post
1156 556 1183 600 a.
1208 539 1297 616 1493,
1321 554 1385 616 quo
1450 588 1452 592 .

217 636 392 702 Messanae
414 642 555 701 mortem
578 635 701 700 obiisse
715 635 868 717 traditur,
891 636 924 698 in
939 635 1135 718 Hispaniam
1148 637 1311 701 translata
1326 639 1385 700 est.

216 737 306 803 Nihil
329 743 380 802 est
400 738 502 819 igitur
524 757 647 801 causae
669 759 728 802 cur
748 735 885 802 Joannis
907 735 1062 800 irascaris
1094 737 1272 802 editionem
1293 735 1386 800 Com·

217 838 380 922 plataneis
410 839 533 903 fontem
559 837 662 902 fuisse
686 838 873 902 credamus:
902 838 1023 902 etenim
1050 857 1124 902 cum
1146 838 1205 902 illa
1226 836 1387 919 prodierit

218 961 248 1004 a.
273 931 373 1020 1494,
387 959 504 1021 parum
527 939 685 1005 credibile
708 945 759 1004 est
780 939 814 1003 in
836 939 1044 1005 Constantini
1065 938 1268 1005 bibliotheca
1283 937 1386 1003 fnisse

218 1039 392 1124 exemplar.

303 1141 371 1206 Nec
399 1141 507 1205 minus
535 1139 663 1206 fallitur
685 1141 868 1224 Fabricius,
898 1143 955 1226 qui
986 1163 1024 1206 ex
1046 1141 1270 1224 Complutensi
1292 1141 1386 1207 Colo·

217 1235 363 1308 niensem
384 1242 524 1326 primam
548 1247 581 1306 et
604 1263 643 1306 ex
663 1243 727 1308 hac
742 1244 964 1310 Basileensem
978 1243 1118 1326 primam
1132 1243 1265 1308 fluxisse
1282 1243 1383 1325 suspi-

219 1349 313 1409 catus
337 1348 398 1408 est.
441 1337 591 1426 Utraque
613 1345 699 1409 enim
720 1350 844 1410 textum
866 1345 1061 1410 Aldinarum
1075 1345 1186 1426 refert,
1209 1345 1267 1410 sed
1288 1345 1335 1410 ita
1350 1349 1387 1408 ut

220 1443 421 1510 Basileensis
445 1444 487 1508 ad
509 1445 663 1510 Aldinam
687 1447 844 1528 primam,
868 1445 1071 1512 Coloniensis
1103 1447 1146 1511 ad
1172 1447 1387 1529 hegidianam

220 1566 376 1631 expressa
399 1546 451 1610 sit.
495 1545 590 1610 Illam
607 1547 674 1610 sive
688 1548 841 1610 Aldinam
857 1543 1022 1629 excipiunt
1038 1547 1209 1626 editiones,
1226 1552 1387 1631 quotquot

218 1647 270 1712 vel
291 1645 442 1710 Basileae
463 1652 580 1728 postea
609 1647 698 1730 apud
719 1647 925 1728 Frobenium,
947 1647 1157 1732 Brylingium,
1179 1649 1387 1730 Hervagium,

219 1747 271 1813 vel
297 1747 434 1812 Parisiis
467 1747 557 1830 apud
585 1747 773 1814 Wechelum
801 1750 996 1832 prodierunt
1021 1749 1075 1833 (ef.
1101 1750 1259 1833 indicem,
1291 1771 1388 1832 quem

219 1849 413 1933 perscripsit
438 1847 612 1915 Fabricius
644 1851 663 1914 l.
687 1851 707 1914 l.
730 1849 746 1914 I
771 1874 802 1934 p.
827 1848 903 1938 129)
912 1879 921 1930 ,-
964 1849 1189 1916 Coloniensem
1219 1871 1272 1932 ea,
1304 1871 1388 1934 quae

220 1951 375 2017 Coloniae
398 1971 426 2014 a
450 1955 530 2016 1526
553 1958 669 2017 curata
691 1957 743 2016 est
757 1953 798 2016 ab
814 1951 863 2017 Jo.
901 1951 1025 2032 Sotero,
1040 1951 1096 2035 qui
1116 1953 1293 2032 ,nonnullis
1308 1953 1389 2016 Las·

220 2053 367 2116 carinam
388 2052 503 2135 paucis
525 2055 638 2116 tamen
660 2052 694 2115 in
714 2051 798 2116 loeis
814 2053 1032 2118 consuluisse“
1054 2054 1144 2120 visus
1166 2060 1218 2118 est
1233 2055 1386 2120 Roevoro.

222 2153 304 2218 Sunt
327 2173 405 2216 sane
432 2147 596 2236 quaedam
622 2153 655 2216 in
683 2153 747 2218 hac
774 2155 917 2218 editione
941 2155 1165 2220 emendatiora
1186 2155 1276 2221 velut
1297 2177 1324 2220 v.
1348 2159 1387 2218 66

222 2253 331 2338 εὕρατο
352 2273 412 2337 pro
435 2255 565 2336 volgato
588 2253 708 2338 e‘dpem3
731 2255 1091 2339 ν.1206κναλέοιςρνο
1112 2256 1196 2338 volg.
1219 2255 1387 2336 ὀνναλέως,

221 2381 250 2424 u.
274 2360 334 2421 315
356 2354 420 2439 ἠχὴ
436 2377 495 2438 pro
518 2356 600 2438 volg.
631 2356 650 2438 ἡ
673 2361 724 2440 γῆ,
759 2358 817 2422 sed
847 2377 905 2421 eae
934 2357 1178 2424 emendationes
1207 2363 1275 2421 tam
1302 2357 1391 2422 leves

224 2461 301 2522 sunt
321 2463 457 2540 tamque
479 2457 603 2538 facileS,
624 2457 707 2520 nihil
728 2462 765 2521 ut
788 2457 865 2522 inde
888 2459 969 2523 certi
992 2459 1102 2541 colligi
1118 2479 1214 2542 posse
1229 2459 1389 2523 videatur.

225 2561 259 2625 Si
287 2560 362 2642 quis
388 2563 499 2623 tamen
526 2557 737 2622 Lascarinam
764 2558 816 2623 his
845 2560 927 2624 locis
956 2560 1138 2642 inspectam
1161 2581 1233 2626 esse
1255 2580 1391 2644 persua·

225 2683 298 2727 sum
319 2660 451 2736 habeat,
475 2660 505 2725 ei
527 2659 659 2742 quidem
680 2680 745 2724 non
766 2661 965 2742 repugnabo,
996 2682 1069 2726 eum
1090 2683 1166 2727 vero
1181 2661 1270 2726 haud
1293 2679 1390 2742 aegre

224 2754 457 2828 concessurum
478 2761 629 2826 existimo
653 2759 810 2843 Stephani
838 2764 1059 2828 recensionem
1081 2783 1098 2827 e
1121 2761 1308 2828 Coloniensi
1332 2761 1392 2826 illa

154 2901 158 2910 ·
223 2884 358 2929 manare
379 2883 444 2928 non
465 2862 623 2947 potuisse.
1232 2862 1235 2866 ’

308 2964 390 3030 Cum
412 2965 513 3047 igitur
535 2984 647 3029 earum
671 2965 860 3047 editionum,
888 2987 972 3048 quae
995 2971 1071 3030 ante
1094 2964 1295 3046 Stephanum
1316 2986 1391 3048 pro-

225 3068 370 3147 dierunt,
399 3065 491 3132 nulla
518 3066 563 3130 ad
589 3064 802 3131 Lascarinam
832 3087 987 3149 expressa
1010 3067 1062 3148 sit,
1084 3066 1149 3129 nisi
1171 3066 1256 3132 forte
1279 3067 1392 3149 aliqua

223 3157 385 3254 prodierit
416 3167 560 3233 nondum
589 3169 735 3249 cognita,
766 3167 801 3231 id
829 3168 917 3251 quod
943 3168 1039 3250 longe
1066 3167 1392 3232 averi'similitudine

225 3270 390 3348 abhorret,
413 3267 548 3332 dubium
570 3289 643 3332 esse
656 3263 778 3351 nequit,
801 3269 880 3350 quin
896 3268 1081 3350 Stephanus
1096 3268 1188 3333 illam
1203 3269 1394 3334 adhibuerit

223 3371 359 3452 primus
402 3369 446 3433 Et
467 3367 552 3432 hanc
575 3368 707 3450 quidem
730 3368 926 3432 sententiam
948 3369 1070 3452 optime
1092 3369 1284 3452 comprobat
1307 3391 1393 3434 sum·

224 3492 279 3536 ma
309 3471 548 3554 scripturarum
578 3469 758 3536 consensio.
803 3469 948 3546 Quarum
971 3469 999 3532 si
1021 3469 1170 3536 diversae
1193 3470 1278 3536 duae
1302 3471 1393 3536 adfe-

225 3578 356 3638 runtur:
379 3596 407 3638 v.
431 3572 492 3635 105
515 3569 683 3656 ἐπέκρυψεν
706 3569 928 3651 eLascarina,
951 3569 1101 3656 ἐπέκυψεν
1122 3571 1392 3654 eStephaniana3

224 3698 253 3741 v.
280 3679 339 3740 106
363 3671 580 3756 ἐπγεγελόωσα
607 3671 835 3753 eLascarina,
864 3673 1080 3755 ἐπεγγελόωσα
1110 3673 1391 3757 eStephaniana,

226 3796 285 3841 eae
312 3775 459 3843 dubitari
484 3775 537 3838 vix
567 3777 676 3856 potest
703 3773 783 3856 quin
820 3774 885 3838 sint
912 3773 1011 3839 alicui
1047 3776 1152 3841 errori
1186 3774 1392 3840 tribuendas.

224 3865 326 3958 Alias,
348 3895 429 3960 quas
452 3880 543 3940 tenet
564 3875 746 3941 Lascarina
767 3875 856 3940 velut
878 3897 905 3939 ν.
922 3880 979 3939 111
1006 3873 1159 3955 ἀνέτελλε,
1173 3896 1202 3940 v.
1217 3879 1275 3940 145
1292 3877 1392 3954 κεδνὰ,

224 4001 253 4046 v.
274 3981 335 4045 les
364 3975 533 4057 ἀνέπεισεν,
555 3997 583 4040 ν.
609 3981 665 4040 161
697 3975 918 4060 ἐρυθριόωσαν,
940 3997 970 4042 v.
990 3981 1051 4042 320
1079 3972 1231 4058 λιτάνευε,
1255 3975 1393 4060 Stepha-

225 4101 297 4162 nus,
317 4099 391 4143 cum
422 4098 487 4143 non
516 4079 706 4160 enotarerit,
734 4079 933 4162 contemptui
956 4077 1114 4143 habuisse
1136 4077 1273 4142 videtur.
1318 4078 1391 4162 [His

225 4181 266 4246 de
293 4179 392 4244 rebus
419 4177 542 4244 certius
561 4177 722 4260 judicium
747 4198 799 4243 me
825 4177 935 4244 facere
961 4200 1026 4244 non
1047 4199 1144 4262 posse
1165 4178 1260 4244 valde
1289 4179 1392 4247 doleo.
